#FLAGGA 0
#FORMAT PC8
#SIETYP 4
#PROGRAM "JSIEPARSER" 1.0
#GEN 20230707
#FNR 1244702
#FNAMN "Testbolaget AB"
#RAR 0 20210701 20220630
#ORGNR 555555-5555
#OMFATTN 20220630
#KPTYP EUBAS97

#KONTO 1010 "Utvecklingsutgifter"
#SRU 1010 7201
#KONTO 1011 "Balanserade utgifter för forskning och utveckling"
#SRU 1011 7201
#KONTO 1012 "Balanserade utgifter för programvaror"
#SRU 1012 7201
#KONTO 1018 "Ackumulerade nedskrivningar på balanserade utgifter"
#SRU 1018 7201
#KONTO 1019 "Ackumulerade avskrivningar på balanserade utgifter"
#SRU 1019 7201
#KONTO 1030 "Patent"
#SRU 1030 7201
#KONTO 1039 "Ackumulerade avskrivningar på patent"
#SRU 1039 7201
#KONTO 1060 "Hyresrätter, tomträtter och liknande"
#SRU 1060 7201
#KONTO 1069 "Ackumulerade avskrivningar på hyresrätter, tomträtter och liknande"
#SRU 1069 7201
#KONTO 1110 "Byggnader"
#SRU 1110 7214
#KONTO 1119 "Ackumulerade avskrivningar på byggnader"
#SRU 1119 7214
#KONTO 1130 "Mark"
#SRU 1130 7214
#KONTO 1150 "Markanläggningar"
#SRU 1150 7214
#KONTO 1159 "Ackumulerade avskrivningar på markanläggningar"
#SRU 1159 7214
#KONTO 1210 "Maskiner och andra tekniska anläggningar"
#SRU 1210 7215
#KONTO 1219 "Ackumulerade avskrivningar på maskiner och andra tekniska anläggningar"
#SRU 1219 7215
#KONTO 1220 "Inventarier och verktyg"
#SRU 1220 7215
#KONTO 1229 "Ackumulerade avskrivningar på inventarier och verktyg"
#SRU 1229 7215
#KONTO 1240 "Bilar och andra transportmedel"
#SRU 1240 7215
#KONTO 1249 "Ackumulerade avskrivningar på bilar och andra transportmedel"
#SRU 1249 7215
#KONTO 1250 "Datorer"
#SRU 1250 7215
#KONTO 1259 "Ackumulerade avskrivningar på datorer"
#SRU 1259 7215
#KONTO 1290 "övriga materiella anläggningstillgångar"
#SRU 1290 7215
#KONTO 1291 "Konst och liknande tillgångar"
#SRU 1291 7215
#KONTO 1299 "Ackumulerade avskrivningar på övriga materiella anläggningstillgångar"
#SRU 1299 7215
#KONTO 1310 "Andelar i koncernföretag"
#SRU 1310 7230
#KONTO 1350 "Andelar och värdepapper i andra företag"
#SRU 1350 7233
#KONTO 1380 "Andra långfristiga fordringar"
#SRU 1380 7235
#KONTO 1382 "Långfristiga fordringar hos anställda"
#SRU 1382 7235
#KONTO 1386 "Förutbetalda leasingavgifter, långfristig del"
#SRU 1386 7235
#KONTO 1410 "Lager av råvaror"
#SRU 1410 7241
#KONTO 1419 "Förändring av lager av råvaror"
#SRU 1419 7241
#KONTO 1430 "Lager av halvfabrikat"
#SRU 1430 7241
#KONTO 1431 "Lager av köpta halvfabrikat"
#SRU 1431 7241
#KONTO 1432 "Lager av egentillverkade halvfabrikat"
#SRU 1432 7242
#KONTO 1438 "Förändring av lager av köpta halvfabrikat"
#SRU 1438 7241
#KONTO 1439 "Förändring av lager av egentillverkade halvfabrikat"
#SRU 1439 7242
#KONTO 1440 "Produkter i arbete"
#SRU 1440 7242
#KONTO 1449 "Förändring av produkter i arbete"
#SRU 1449 7242
#KONTO 1450 "Lager av färdiga varor"
#SRU 1450 7243
#KONTO 1459 "Förändring av lager av färdiga varor"
#SRU 1459 7243
#KONTO 1460 "Lager av handelsvaror"
#SRU 1460 7243
#KONTO 1469 "Förändring av lager av handelsvaror"
#SRU 1469 7243
#KONTO 1470 "Pågående arbeten"
#SRU 1470 7245
#KONTO 1479 "Förändring av pågående arbeten"
#SRU 1479 7245
#KONTO 1480 "Förskott för varor och tjänster"
#SRU 1480 7246
#KONTO 1490 "övriga lagertillgångar"
#SRU 1490 7244
#KONTO 1510 "Kundfordringar"
#SRU 1510 7251
#KONTO 1512 "Belånade kundfordringar (factoring)"
#SRU 1512 7251
#KONTO 1513 "Kundfordringar - delad faktura"
#SRU 1513 7251
#KONTO 1515 "Osäkra kundfordringar"
#SRU 1515 7251
#KONTO 1519 "Nedskrivning av kundfordringar"
#SRU 1519 7251
#KONTO 1535 "Osäkra kontraktsfordringar"
#SRU 1535 7251
#KONTO 1565 "Osäkra kundfordringar hos koncernföretag"
#SRU 1565 7252
#KONTO 1575 "Osäkra kundfordringar hos intresseföretag"
#SRU 1575 7252
#KONTO 1578 "Ej reskontraförda kundfordringar hos intresseföretag"
#SRU 1578 7252
#KONTO 1579 "Nedskrivning av kundfordringar hos intresseföretag"
#SRU 1579 7252
#KONTO 1580 "Fordringar för kontokort och kuponger"
#SRU 1580 7251
#KONTO 1610 "Kortfristiga fordringar hos anställda"
#SRU 1610 7261
#KONTO 1630 "Avräkning för skatter och avgifter (skattekonto)"
#SRU 1630 7261
#KONTO 1640 "Skattefordringar"
#SRU 1640 7261
#KONTO 1650 "Momsfordran"
#SRU 1650 7261
#KONTO 1660 "Kortfristiga fordringar hos koncernföretag"
#SRU 1660 7252
#KONTO 1680 "Andra kortfristiga fordringar"
#SRU 1680 7261
#KONTO 1710 "Förutbetalda hyreskostnader"
#SRU 1710 7263
#KONTO 1720 "Förutbetalda leasingavgifter"
#SRU 1720 7263
#KONTO 1730 "Förutbetalda försäkringspremier"
#SRU 1730 7263
#KONTO 1740 "Förutbetalda räntekostnader"
#SRU 1740 7263
#KONTO 1750 "Upplupna hyresintäkter"
#SRU 1750 7263
#KONTO 1760 "Upplupna ränteintäkter"
#SRU 1760 7263
#KONTO 1790 "övriga förutbetalda kostnader och upplupna intäkter"
#SRU 1790 7263
#KONTO 1810 "Andelar i börsnoterade företag"
#SRU 1810 7271
#KONTO 1869 "Nedskrivning av andelar i koncernföretag"
#SRU 1869 7270
#KONTO 1880 "Andra kortfristiga placeringar"
#SRU 1880 7271
#KONTO 1890 "Nedskrivning av kortfristiga placeringar"
#SRU 1890 7271
#KONTO 1910 "Kassa"
#SRU 1910 7281
#KONTO 1914 "Kassa 4"
#SRU 1914 7281
#KONTO 1920 "PlusGiro"
#SRU 1920 7281
#KONTO 1930 "Företagskonto/checkkonto/affärskonto"
#SRU 1930 7281
#KONTO 1931 "Sparkonto"
#SRU 1931 7281
#KONTO 1940 "övriga bankkonton"
#SRU 1940 7281
#KONTO 2010 "Eget kapital, delägare 1"
#SRU 2010 7310
#KONTO 2011 "Egna varuuttag"
#SRU 2011 7311
#KONTO 2012 "Avräkning för skatter och avgifter (skattekonto)"
#KONTO 2013 "övriga egna uttag"
#SRU 2013 7311
#KONTO 2017 "årets kapitaltillskott"
#SRU 2017 7311
#KONTO 2018 "övriga egna insättningar"
#SRU 2018 7311
#KONTO 2019 "årets resultat, delägare 1"
#SRU 2019 7312
#KONTO 2020 "Eget kapital, delägare 2"
#SRU 2020 7310
#KONTO 2021 "Egna varuuttag"
#SRU 2021 7311
#KONTO 2023 "övriga egna uttag"
#SRU 2023 7311
#KONTO 2027 "årets kapitaltillskott"
#SRU 2027 7311
#KONTO 2028 "övriga egna insättningar"
#SRU 2028 7311
#KONTO 2029 "årets resultat, delägare 2"
#SRU 2029 7312
#KONTO 2030 "Eget kapital, delägare 3"
#SRU 2030 7310
#KONTO 2031 "Egna varuuttag"
#SRU 2031 7311
#KONTO 2033 "övriga egna uttag"
#SRU 2033 7311
#KONTO 2037 "årets kapitaltillskott"
#SRU 2037 7311
#KONTO 2038 "övriga egna insättningar"
#SRU 2038 7311
#KONTO 2039 "årets resultat, delägare 3"
#SRU 2039 7312
#KONTO 2040 "Eget kapital, delägare 4"
#SRU 2040 7310
#KONTO 2041 "Egna varuuttag"
#SRU 2041 7311
#KONTO 2043 "övriga egna uttag"
#SRU 2043 7311
#KONTO 2047 "årets kapitaltillskott"
#SRU 2047 7311
#KONTO 2048 "övriga egna insättningar"
#SRU 2048 7311
#KONTO 2049 "årets resultat, delägare 4"
#SRU 2049 7312
#KONTO 2060 "Eget kapital i ideella föreningar, stiftelser och registrerade trossamfund"
#SRU 2060 8735
#KONTO 2070 "ändamålsbestämda medel"
#SRU 2070 8735
#KONTO 2081 "Aktiekapital"
#SRU 2081 7301
#KONTO 2083 "Medlemsinsatser"
#SRU 2083 7301
#KONTO 2086 "Reservfond"
#SRU 2086 7301
#KONTO 2090 "Fritt eget kapital"
#SRU 2090 7302
#KONTO 2091 "Balanserad vinst eller förlust"
#SRU 2091 7302
#KONTO 2098 "Vinst eller förlust från föregående år"
#SRU 2098 7302
#KONTO 2099 "årets resultat"
#SRU 2099 7302
#KONTO 2110 "Periodiseringsfonder"
#SRU 2110 7321
#KONTO 2111 "Periodiseringsfond vid 2011 års taxering"
#SRU 2111 7321
#KONTO 2112 "Periodiseringsfond vid 2012 års taxering"
#SRU 2112 7321
#KONTO 2113 "Periodiseringsfond vid 2013 års taxering"
#SRU 2113 7321
#KONTO 2120 "Periodiseringsfond 2020"
#SRU 2120 7321
#KONTO 2121 "Periodiseringsfond 2021"
#SRU 2121 7321
#KONTO 2122 "Periodiseringsfond 2022"
#SRU 2122 7321
#KONTO 2123 "Periodiseringsfond 2023"
#SRU 2123 7321
#KONTO 2124 "Periodiseringsfond 2021"
#SRU 2124 7321
#KONTO 2125 "Periodiseringsfond 2015"
#SRU 2125 7321
#KONTO 2126 "Periodiseringsfond 2016"
#SRU 2126 7321
#KONTO 2127 "Periodiseringsfond 2017"
#SRU 2127 7321
#KONTO 2128 "Periodiseringsfond 2018"
#SRU 2128 7321
#KONTO 2129 "Periodiseringsfond 2019"
#SRU 2129 7321
#KONTO 2130 "Periodiseringsfond 2020 - nr 2"
#SRU 2130 7321
#KONTO 2131 "Periodiseringsfond 2021 - nr 2"
#SRU 2131 7321
#KONTO 2132 "Periodiseringsfond 2022 - nr 2"
#SRU 2132 7321
#KONTO 2133 "Periodiseringsfond 2023 - nr 2"
#SRU 2133 7321
#KONTO 2134 "Periodiseringsfond 2024 - nr 2"
#SRU 2134 7321
#KONTO 2135 "Periodiseringsfond 2015 - nr 2"
#SRU 2135 7321
#KONTO 2136 "Periodiseringsfond 2016 - nr 2"
#SRU 2136 7321
#KONTO 2137 "Periodiseringsfond 2017 - nr 2"
#SRU 2137 7321
#KONTO 2138 "Periodiseringsfond 2018 - nr 2"
#SRU 2138 7321
#KONTO 2139 "Periodiseringsfond 2019 - nr 2"
#SRU 2139 7321
#KONTO 2150 "Ackumulerade överavskrivningar"
#SRU 2150 7322
#KONTO 2163 "Ersättningsfond mark"
#SRU 2163 7323
#KONTO 2180 "Obeskattade intäkter"
#SRU 2180 7323
#KONTO 2181 "Obeskattade upphovsmannaintäkter"
#SRU 2181 7323
#KONTO 2185 "Obeskattade skogsintäkter"
#SRU 2185 7323
#KONTO 2210 "Avsättningar för pensioner enligt tryggandelagen"
#SRU 2210 7331
#KONTO 2220 "Avsättningar för garantier"
#SRU 2220 7333
#KONTO 2240 "Avsättningar för uppskjutna skatter"
#SRU 2240 7333
#KONTO 2290 "övriga avsättningar"
#SRU 2290 7333
#KONTO 2330 "Checkräkningskredit"
#SRU 2330 7351
#KONTO 2350 "Andra långfristiga skulder till kreditinstitut"
#SRU 2350 7352
#KONTO 2360 "Långfristiga skulder till koncernföretag"
#SRU 2360 7353
#KONTO 2390 "övriga långfristiga skulder"
#SRU 2390 7354
#KONTO 2393 "Lån från närstående personer, långfristig del"
#SRU 2393 7354
#KONTO 2410 "Andra kortfristiga låneskulder till kreditinstitut"
#SRU 2410 7361
#KONTO 2420 "Förskott från kunder"
#SRU 2420 7362
#KONTO 2440 "Leverantörsskulder"
#SRU 2440 7365
#KONTO 2480 "Checkräkningskredit, kortfristig"
#SRU 2480 7360
#KONTO 2490 "övriga kortfristiga skulder till kreditinstitut, kunder och leverantörer"
#SRU 2490 7369
#KONTO 2510 "Skatteskulder"
#SRU 2510 7368
#KONTO 2516 "Moms"
#SRU 2516 7368
#KONTO 2610 "Utgående moms, 25 %"
#SRU 2610 7369
#KONTO 2611 "Utgående moms på försäljning inom Sverige, 25 %"
#SRU 2611 7369
#KONTO 2612 "Utgående moms på egna uttag, 25 %"
#SRU 2612 7369
#KONTO 2613 "Utgående moms för uthyrning, 25 %"
#SRU 2613 7369
#KONTO 2614 "Utgående moms omvänd skattskyldighet, 25 %"
#SRU 2614 7369
#KONTO 2615 "Utgående moms import av varor, 25 %"
#SRU 2615 7369
#KONTO 2616 "Utgående moms VMB 25ˇ%"
#SRU 2616 7369
#KONTO 2617 "Utgående moms omvänd skattskyldighet varor och tjänster i Sverige, 25 %"
#SRU 2617 7369
#KONTO 2620 "Utgående moms, 12 %"
#SRU 2620 7369
#KONTO 2621 "Utgående moms på försäljning inom Sverige, 12 %"
#SRU 2621 7369
#KONTO 2622 "Utgående moms på egna uttag, 12 %"
#SRU 2622 7369
#KONTO 2623 "Utgående moms för uthyrning, 12 %"
#SRU 2623 7369
#KONTO 2624 "Utgående moms omvänd skattskyldighet, 12 %"
#SRU 2624 7369
#KONTO 2625 "Utgående moms import av varor, 12 %"
#SRU 2625 7369
#KONTO 2626 "Utgående moms VMB 12ˇ%"
#SRU 2626 7369
#KONTO 2627 "Utgående moms omvänd skattskyldighet varor och tjänster i Sverige, 12 %"
#SRU 2627 7369
#KONTO 2630 "Utgående moms, 6 %"
#SRU 2630 7369
#KONTO 2631 "Utgående moms på försäljning inom Sverige, 6 %"
#SRU 2631 7369
#KONTO 2632 "Utgående moms på egna uttag, 6 %"
#SRU 2632 7369
#KONTO 2633 "Utgående moms för uthyrning, 6 %"
#SRU 2633 7369
#KONTO 2634 "Utgående moms omvänd skattskyldighet, 6 %"
#SRU 2634 7369
#KONTO 2635 "Utgående moms import av varor, 6 %"
#SRU 2635 7369
#KONTO 2636 "Utgående moms VMB 6ˇ%"
#SRU 2636 7369
#KONTO 2637 "Utgående moms omvänd skattskyldighet varor och tjänster i Sverige, 6 %"
#SRU 2637 7369
#KONTO 2640 "Ingående moms"
#SRU 2640 7369
#KONTO 2641 "Debiterad ingående moms"
#SRU 2641 7369
#KONTO 2642 "Debiterad ingående moms i anslutning till frivillig skattskyldighet"
#SRU 2642 7369
#KONTO 2645 "Beräknad ingående moms på förvärv från utlandet"
#SRU 2645 7369
#KONTO 2646 "Ingående moms på uthyrning"
#SRU 2646 7369
#KONTO 2647 "Ingående moms omvänd skattskyldighet varor och tjänster i Sverige"
#SRU 2647 7369
#KONTO 2648 "Vilande ingående moms"
#SRU 2648 7369
#KONTO 2649 "Ingående moms, blandad verksamhet"
#SRU 2649 7369
#KONTO 2650 "Redovisningskonto för moms"
#SRU 2650 7369
#KONTO 2668 "MOSS, moms"
#SRU 2668 7369
#KONTO 2710 "Personalskatt"
#SRU 2710 7369
#KONTO 2730 "Lagstadgade sociala avgifter och särskild löneskatt"
#SRU 2730 7369
#KONTO 2731 "Avräkning lagstadgade sociala avgifter"
#SRU 2731 7369
#KONTO 2740 "Avtalade sociala avgifter"
#SRU 2740 7369
#KONTO 2750 "Utmätning i lön m.m."
#SRU 2750 7369
#KONTO 2790 "övriga löneavdrag"
#SRU 2790 7369
#KONTO 2794 "Fackföreningsavgifter"
#SRU 2794 7369
#KONTO 2811 "Avräkning för factoring"
#SRU 2811 7369
#KONTO 2812 "Avräkning för belånade kontraktsfordringar"
#SRU 2812 7369
#KONTO 2820 "Kortfristiga skulder till anställda"
#SRU 2820 7369
#KONTO 2840 "Kortfristiga låneskulder"
#SRU 2840 7369
#KONTO 2860 "Kortfristiga skulder till koncernföretag"
#SRU 2860 7367
#KONTO 2890 "övriga kortfristiga skulder"
#SRU 2890 7369
#KONTO 2893 "Skulder till närstående personer, kortfristig del"
#SRU 2893 7369
#KONTO 2910 "Upplupna löner"
#SRU 2910 7370
#KONTO 2920 "Upplupna semesterlöner"
#SRU 2920 7370
#KONTO 2940 "Upplupna lagstadgade sociala och andra avgifter"
#SRU 2940 7370
#KONTO 2950 "Upplupna avtalade sociala avgifter"
#SRU 2950 7370
#KONTO 2960 "Upplupna räntekostnader"
#SRU 2960 7370
#KONTO 2970 "Förutbetalda intäkter"
#SRU 2970 7370
#KONTO 2990 "övriga upplupna kostnader och förutbetalda intäkter"
#SRU 2990 7370
#KONTO 2999 "OBS-konto"
#SRU 2999 7370
#KONTO 3000 "Försäljning inom Sverige"
#SRU 3000 7410
#KONTO 3001 "Försäljning inom Sverige, 25 % moms"
#SRU 3001 7410
#KONTO 3002 "Försäljning inom Sverige, 12 % moms"
#SRU 3002 7410
#KONTO 3003 "Försäljning inom Sverige, 6 % moms"
#SRU 3003 7410
#KONTO 3004 "Försäljning inom Sverige, momsfri"
#SRU 3004 7410
#KONTO 3011 "Försäljning tjänster inom Sverige, 25 % moms"
#SRU 3011 7410
#KONTO 3012 "Försäljning tjänster inom Sverige, 12 % moms"
#SRU 3012 7410
#KONTO 3013 "Försäljning tjänster inom Sverige, 6 % moms"
#SRU 3013 7410
#KONTO 3014 "Försäljning tjänster inom Sverige, momsfri"
#SRU 3014 7410
#KONTO 3071 "Förutbetalda intäkter, varor och tjänster"
#SRU 3071 7410
#KONTO 3089 "Försäljning inom Sverige, momsfri"
#SRU 3089 7410
#KONTO 3100 "Försäljning av varor utanför Sverige"
#SRU 3100 7410
#KONTO 3105 "Försäljning varor till land utanför EU"
#SRU 3105 7410
#KONTO 3106 "Försäljning varor till annat EU-land, momspliktig"
#SRU 3106 7410
#KONTO 3107 "Treparts försäljn varor till EU"
#SRU 3107 7410
#KONTO 3108 "Försäljning varor till annat EU-land, momsfri"
#SRU 3108 7410
#KONTO 3200 "Försäljning VMB och omvänd moms"
#SRU 3200 7410
#KONTO 3211 "Försäljning positiv VMB 25 %"
#SRU 3211 7410
#KONTO 3212 "Försäljning negativ VMB 25 %"
#SRU 3212 7410
#KONTO 3223 "Positiv VM omföringskonto"
#SRU 3223 7410
#KONTO 3231 "Försäljning inom byggsektorn, omvänd skattskyldighet moms"
#SRU 3231 7410
#KONTO 3300 "Försäljning av tjänster utanför Sverige"
#SRU 3300 7410
#KONTO 3305 "Försäljning tjänster till land utanför EU"
#SRU 3305 7410
#KONTO 3308 "Försäljning tjänster till annat EU-land"
#SRU 3308 7410
#KONTO 3389 "Försäljning EU moms/MOSS"
#SRU 3389 7410
#KONTO 3400 "Försäljning, egna uttag"
#SRU 3400 7410
#KONTO 3401 "Egna uttag momspliktiga, 25 %"
#SRU 3401 7410
#KONTO 3402 "Egna uttag momspliktiga, 12 %"
#SRU 3402 7410
#KONTO 3403 "Egna uttag momspliktiga, 6 %"
#SRU 3403 7410
#KONTO 3404 "Egna uttag, momsfria"
#SRU 3404 7410
#KONTO 3500 "Fakturerade kostnader (gruppkonto)"
#SRU 3500 7410
#KONTO 3510 "Fakturerat emballage"
#SRU 3510 7410
#KONTO 3520 "Fakturerade frakter"
#SRU 3520 7410
#KONTO 3521 "Fakturerade frakter, EU-land"
#SRU 3521 7410
#KONTO 3522 "Fakturerade frakter, export"
#SRU 3522 7410
#KONTO 3530 "Fakturerade tull- och speditionskostnader m.m."
#SRU 3530 7410
#KONTO 3540 "Faktureringsavgifter"
#SRU 3540 7410
#KONTO 3541 "Faktureringsavgifter, EU-land"
#SRU 3541 7410
#KONTO 3542 "Faktureringsavgifter, export"
#SRU 3542 7410
#KONTO 3600 "Rörelsens sidointäkter (gruppkonto)"
#SRU 3600 7410
#KONTO 3730 "Lämnade rabatter"
#SRU 3730 7410
#KONTO 3740 "öres- och kronutjämning"
#SRU 3740 7410
#KONTO 3800 "Aktiverat arbete för egen räkning (gruppkonto)"
#SRU 3800 7412
#KONTO 3900 "övriga rörelseintäkter (gruppkonto)"
#SRU 3900 7413
#KONTO 3913 "Frivilligt momspliktiga hyresintäkter"
#SRU 3913 7413
#KONTO 3930 "Påminnelseavgifter"
#SRU 3930 7413
#KONTO 3960 "Valutakursvinster på fordringar och skulder av rörelsekaraktär"
#SRU 3960 7413
#KONTO 3970 "Vinst vid avyttring av immateriella och materiella anläggningstillgångar"
#SRU 3970 7413
#KONTO 3980 "Erhållna offentliga bidrag"
#SRU 3980 7413
#KONTO 3990 "övriga ersättningar, bidrag och intäkter"
#SRU 3990 7413
#KONTO 3999 "övriga rörelseintäkter"
#SRU 3999 7413
#KONTO 4000 "Inköp av varor från Sverige"
#SRU 4000 7512
#KONTO 4010 "Inköp material och varor"
#SRU 4010 7512
#KONTO 4200 "Sålda varor VMB"
#SRU 4200 7512
#KONTO 4211 "Sålda varor positiv VMB 25 %"
#SRU 4211 7512
#KONTO 4212 "Sålda varor negativ VMB 25 %"
#SRU 4212 7512
#KONTO 4400 "Momspliktiga inköp i Sverige"
#SRU 4400 7512
#KONTO 4415 "Inköpta varor i Sverige, omvänd skattskyldighet, 25 % moms"
#SRU 4415 7512
#KONTO 4426 "Inköpta tjänster i Sverige, omvänd skattskyldighet, 12 %"
#SRU 4426 7512
#KONTO 4427 "Inköpta tjänster i Sverige, omvänd skattskyldighet, 6 %"
#SRU 4427 7512
#KONTO 4500 "övriga momspliktiga inköp"
#SRU 4500 7512
#KONTO 4512 "Förvärv varor, trepartsförvärv från annat EU-land, mellan man"
#SRU 4512 7512
#KONTO 4515 "Inköp av varor från annat EU-land, 25 %"
#SRU 4515 7512
#KONTO 4516 "Inköp av varor från annat EU-land, 12 %"
#SRU 4516 7512
#KONTO 4517 "Inköp av varor från annat EU-land, 6 %"
#SRU 4517 7512
#KONTO 4518 "Inköp av varor från annat EU-land, momsfri"
#SRU 4518 7512
#KONTO 4531 "Inköp av tjänster från ett land utanför EU, 25 % moms"
#SRU 4531 7512
#KONTO 4532 "Inköp av tjänster från ett land utanför EU, 12 % moms"
#SRU 4532 7512
#KONTO 4533 "Inköp av tjänster från ett land utanför EU, 6 % moms"
#SRU 4533 7512
#KONTO 4534 "Import tjänster land utanför EU, momsfri"
#SRU 4534 7512
#KONTO 4535 "Inköp av tjänster från annat EU-land, 25 %"
#SRU 4535 7512
#KONTO 4536 "Inköp av tjänster från annat EU-land, 12 %"
#SRU 4536 7512
#KONTO 4537 "Inköp av tjänster från annat EU-land, 6 %"
#SRU 4537 7512
#KONTO 4538 "Inköp av tjänster från annat EU-land, momsfri"
#SRU 4538 7512
#KONTO 4545 "Import av varor, 25 % moms"
#SRU 4545 7512
#KONTO 4546 "Import av varor, 12 % moms"
#SRU 4546 7512
#KONTO 4547 "Import av varor, 6 % moms"
#SRU 4547 7512
#KONTO 4549 "Motkonto beskattningsunderlag import"
#SRU 4549 7512
#KONTO 4598 "Justering, omvänd moms"
#SRU 4598 7512
#KONTO 4600 "Legoarbeten och underentreprenader (gruppkonto)"
#SRU 4600 7512
#KONTO 4700 "Reduktion av inköpspriser (gruppkonto)"
#SRU 4700 7512
#KONTO 4731 "Erhållna kassarabatter"
#SRU 4731 7512
#KONTO 4900 "Förändring av lager (gruppkonto)"
#SRU 4900 7411
#KONTO 4910 "Förändring av lager av råvaror"
#SRU 4910 7511
#KONTO 4920 "Förändring av lager av tillsatsmaterial och förnödenheter"
#SRU 4920 7511
#KONTO 4930 "Förändring av lager av halvfabrikat"
#SRU 4930 7511
#KONTO 4931 "Förändring av lager av köpta halvfabrikat"
#SRU 4931 7511
#KONTO 4932 "Förändring av lager av egentillverkade halvfabrikat"
#SRU 4932 7411
#KONTO 4940 "Förändring av produkter i arbete"
#SRU 4940 7411
#KONTO 4950 "Förändring av lager av färdiga varor"
#SRU 4950 7411
#KONTO 4960 "Förändring av lager av handelsvaror"
#SRU 4960 7512
#KONTO 4970 "Förändring av pågående arbeten, nedlagda kostnader"
#SRU 4970 7411
#KONTO 4990 "Förändring av lager och pågående arbeten (ofördelad)"
#SRU 4990 7411
#KONTO 5010 "Lokalhyra"
#SRU 5010 7513
#KONTO 5020 "El för belysning"
#SRU 5020 7513
#KONTO 5030 "Värme"
#SRU 5030 7513
#KONTO 5040 "Vatten och avlopp"
#SRU 5040 7513
#KONTO 5060 "Städning och renhållning"
#SRU 5060 7513
#KONTO 5070 "Reparation och underhåll av lokaler"
#SRU 5070 7513
#KONTO 5090 "övriga lokalkostnader"
#SRU 5090 7513
#KONTO 5120 "El för belysning"
#SRU 5120 7513
#KONTO 5130 "Värme"
#SRU 5130 7513
#KONTO 5140 "Vatten och avlopp"
#SRU 5140 7513
#KONTO 5160 "Städning och renhållning"
#SRU 5160 7513
#KONTO 5170 "Reparation och underhåll av fastighet"
#SRU 5170 7513
#KONTO 5200 "Hyra av anläggningstillgångar (gruppkonto)"
#SRU 5200 7513
#KONTO 5300 "Energikostnader (gruppkonto)"
#SRU 5300 7513
#KONTO 5410 "Förbrukningsinventarier"
#SRU 5410 7513
#KONTO 5420 "Programvaror"
#SRU 5420 7513
#KONTO 5460 "Förbrukningsmaterial"
#SRU 5460 7513
#KONTO 5500 "Reparation och underhåll (gruppkonto)"
#SRU 5500 7513
#KONTO 5600 "Kostnader för transportmedel (gruppkonto)"
#SRU 5600 7513
#KONTO 5611 "Drivmedel för personbilar"
#SRU 5611 7513
#KONTO 5612 "Försäkring och skatt för personbilar"
#SRU 5612 7513
#KONTO 5613 "Reparation och underhåll av personbilar"
#SRU 5613 7513
#KONTO 5615 "Leasing av personbilar"
#SRU 5615 7513
#KONTO 5616 "Fordonsskatt + Försäkring"
#SRU 5616 7513
#KONTO 5619 "övriga personbilskostnader"
#SRU 5619 7513
#KONTO 5700 "Frakter och transporter (gruppkonto)"
#SRU 5700 7513
#KONTO 5710 "Frakter, transporter och försäkringar vid varudistribution"
#SRU 5710 7513
#KONTO 5800 "Resekostnader (gruppkonto)"
#SRU 5800 7513
#KONTO 5810 "Biljetter"
#SRU 5810 7513
#KONTO 5820 "Hyrbilskostnader"
#SRU 5820 7513
#KONTO 5831 "Kost och logi i Sverige"
#SRU 5831 7513
#KONTO 5832 "Kost och logi i utlandet"
#SRU 5832 7513
#KONTO 5841 "Milersättning, avdragsgill (ägare enskild firma)"
#SRU 5841 7513
#KONTO 5842 "Milersättning, ej avdragsgill (ägare enskild firma)"
#SRU 5842 7513
#KONTO 5843 "Traktamente Sverige avdragsgillt (ägare enskild firma)"
#SRU 5843 7513
#KONTO 5844 "Traktamente Sverige ej avdragsgillt (ägare enskild firma)"
#SRU 5844 7513
#KONTO 5845 "Traktamente Utlandet avdragsgillt (ägare enskild firma)"
#SRU 5845 7513
#KONTO 5846 "Traktamente Utlandet ej avdragsgillt (ägare enskild firma)"
#SRU 5846 7513
#KONTO 5900 "Reklam och PR (gruppkonto)"
#SRU 5900 7513
#KONTO 6060 "Kreditförsäljningskostnader"
#SRU 6060 7513
#KONTO 6064 "Factoringavgifter"
#SRU 6064 7513
#KONTO 6071 "Representation, avdragsgill"
#SRU 6071 7513
#KONTO 6072 "Representation, ej avdragsgill"
#SRU 6072 7513
#KONTO 6090 "övriga försäljningskostnader"
#SRU 6090 7513
#KONTO 6100 "Kontorsmateriel och trycksaker (gruppkonto)"
#SRU 6100 7513
#KONTO 6110 "Kontorsmateriel"
#SRU 6110 7513
#KONTO 6210 "Telekommunikation"
#SRU 6210 7513
#KONTO 6250 "Postbefordran"
#SRU 6250 7513
#KONTO 6310 "Företagsförsäkringar"
#SRU 6310 7513
#KONTO 6350 "Förluster på kundfordringar"
#SRU 6350 7513
#KONTO 6390 "övriga riskkostnader"
#SRU 6390 7513
#KONTO 6410 "Styrelsearvoden som inte är lön"
#SRU 6410 7513
#KONTO 6420 "Ersättningar till revisor"
#SRU 6420 7513
#KONTO 6501 "Underkonsulter"
#SRU 6501 7513
#KONTO 6530 "Redovisningstjänster"
#SRU 6530 7513
#KONTO 6540 "IT-tjänster"
#SRU 6540 7513
#KONTO 6550 "Konsultarvoden"
#SRU 6550 7513
#KONTO 6560 "Serviceavgifter till branschorganisationer"
#SRU 6560 7513
#KONTO 6570 "Bankkostnader"
#SRU 6570 7513
#KONTO 6590 "övriga externa tjänster"
#SRU 6590 7513
#KONTO 6800 "Inhyrd personal (gruppkonto)"
#SRU 6800 7513
#KONTO 6970 "Tidningar, tidskrifter och facklitteratur"
#SRU 6970 7513
#KONTO 6980 "Föreningsavgifter"
#SRU 6980 7513
#KONTO 6990 "övriga externa kostnader"
#SRU 6990 7513
#KONTO 6991 "övriga externa kostnader, avdragsgilla"
#SRU 6991 7513
#KONTO 6992 "övriga externa kostnader, ej avdragsgilla"
#SRU 6992 7513
#KONTO 7010 "Löner till kollektivanställda"
#SRU 7010 7514
#KONTO 7014 "Löner till kollektivanställda (nya pensionssystemet)"
#SRU 7014 7514
#KONTO 7015 "Löner till kollektivanställda (avgiftsbefriade)"
#SRU 7015 7514
#KONTO 7016 "Vinstandelar till kollektivanställda (avgiftsbefriade)"
#SRU 7016 7514
#KONTO 7033 "Löner till kollektivanställda under 26 år (utlandsanställda)"
#SRU 7033 7514
#KONTO 7034 "Löner till kollektivanställda (nya pensionssystemet) (utlandsanställda)"
#SRU 7034 7514
#KONTO 7035 "Löner till kollektivanställda (avgiftsbefriade) (utlandsanställda)"
#SRU 7035 7514
#KONTO 7036 "Vinstandelar till kollektivanställda (avgiftsbefriade) (utlandsanställda)"
#SRU 7036 7514
#KONTO 7090 "Förändring av semesterlöneskuld"
#SRU 7090 7514
#KONTO 7210 "Löner till tjänstemän"
#SRU 7210 7514
#KONTO 7214 "Löner till tjänstemän (nya pensionssystemet)"
#SRU 7214 7514
#KONTO 7215 "Löner till tjänstemän (avgiftsbefriade)"
#SRU 7215 7514
#KONTO 7216 "Vinstandelar till tjänstemän (avgiftsbefriade)"
#SRU 7216 7514
#KONTO 7220 "Löner till företagsledare"
#SRU 7220 7514
#KONTO 7223 "Löner till företagsledare under 26 år"
#SRU 7223 7514
#KONTO 7224 "Löner till företagsledare (nya pensionssystemet)"
#SRU 7224 7514
#KONTO 7225 "Löner till företagsledare (avgiftsbefriade)"
#SRU 7225 7514
#KONTO 7233 "Löner till tjänstemän och ftgsledare under 26 år (utlandsanställda)"
#SRU 7233 7514
#KONTO 7234 "Löner till tjänstemän och ftgsledare (utlandsanställda) (nya pensionssystemet)"
#SRU 7234 7514
#KONTO 7235 "Löner till tjänstemän och ftgsledare (utlandsanställda) (avgiftsbefriade)"
#SRU 7235 7514
#KONTO 7236 "Vinstandelar till tjänstemän och ftgsledare (utlandsanställda) (avgiftsbefriade)"
#SRU 7236 7514
#KONTO 7240 "Styrelsearvoden"
#SRU 7240 7514
#KONTO 7290 "Förändring av semesterlöneskuld"
#SRU 7290 7514
#KONTO 7310 "Kontanta extraersättningar"
#SRU 7310 7514
#KONTO 7321 "Skattefria traktamenten, Sverige"
#SRU 7321 7514
#KONTO 7322 "Skattepliktiga traktamenten, Sverige"
#SRU 7322 7514
#KONTO 7323 "Skattefria traktamenten, utlandet"
#SRU 7323 7514
#KONTO 7324 "Skattepliktiga traktamenten, utlandet"
#SRU 7324 7514
#KONTO 7331 "Skattefria bilersättningar"
#SRU 7331 7514
#KONTO 7332 "Skattepliktiga bilersättningar"
#SRU 7332 7514
#KONTO 7380 "Kostnader för förmåner till anställda"
#SRU 7380 7514
#KONTO 7385 "Kostnader för fri bil"
#SRU 7385 7514
#KONTO 7390 "övriga kostnadsersättningar och förmåner"
#SRU 7390 7514
#KONTO 7399 "Motkontering förmån"
#SRU 7399 7514
#KONTO 7410 "Pensionsförsäkringspremier"
#SRU 7410 7514
#KONTO 7418 "återbäring från försäkringsföretag"
#SRU 7418 7514
#KONTO 7421 "Direktpension, ej avdragsgill"
#SRU 7421 7514
#KONTO 7490 "övriga pensionskostnader"
#SRU 7490 7514
#KONTO 7510 "Arbetsgivaravgifter 31,42 %"
#SRU 7510 7514
#KONTO 7511 "Arbetsgivaravgifter för löner och ersättningar"
#SRU 7511 7514
#KONTO 7512 "Arbetsgivaravgifter för förmånsvärden"
#SRU 7512 7514
#KONTO 7519 "Arbetsgivaravgifter för semester- och löneskulder"
#SRU 7519 7514
#KONTO 7520 "Arbetsgivaravgifter (nya pensionssystemet)"
#SRU 7520 7514
#KONTO 7521 "Arbetsgivaravgifter för löner och ersättningar (nya pensionssystemet)"
#SRU 7521 7514
#KONTO 7522 "Arbetsgivaravgifter för förmånsvärden (nya pensionssystemet)"
#SRU 7522 7514
#KONTO 7525 "Arbetsgivaravgifter på skattepliktiga kostnadsersättningar (nya pensionssystemet)"
#SRU 7525 7514
#KONTO 7526 "Arbetsgivaravgifter på arvoden (nya pensionssystemet)"
#SRU 7526 7514
#KONTO 7528 "Arbetsgivaravgifter på bruttolöneavdrag m.m. (nya pensionssystemet)"
#SRU 7528 7514
#KONTO 7529 "Arbetsgivaravgifter för semester- och löneskulder (nya pensionssystemet)"
#SRU 7529 7514
#KONTO 7530 "Särskild löneskatt"
#SRU 7530 7514
#KONTO 7560 "Arbetsgivaravgifter under 26 år"
#SRU 7560 7514
#KONTO 7570 "Premier för arbetsmarknadsförsäkringar"
#SRU 7570 7514
#KONTO 7580 "Gruppförsäkringspremier"
#SRU 7580 7514
#KONTO 7590 "övriga sociala och andra avgifter enligt lag och avtal"
#SRU 7590 7514
#KONTO 7600 "övriga personalkostnader (gruppkonto)"
#SRU 7600 7514
#KONTO 7610 "Utbildning"
#SRU 7610 7514
#KONTO 7621 "Sjuk- och hälsovård, avdragsgill"
#SRU 7621 7514
#KONTO 7622 "Sjuk- och hälsovård, ej avdragsgill"
#SRU 7622 7514
#KONTO 7631 "Personalrepresentation, avdragsgill"
#SRU 7631 7514
#KONTO 7632 "Personalrepresentation, ej avdragsgill"
#SRU 7632 7514
#KONTO 7690 "övriga personalkostnader"
#SRU 7690 7514
#KONTO 7699 "övriga personalkostnader"
#SRU 7699 7514
#KONTO 7720 "Nedskrivningar av byggnader och mark"
#SRU 7720 7515
#KONTO 7730 "Nedskrivningar av maskiner och inventarier"
#SRU 7730 7515
#KONTO 7810 "Avskrivningar på immateriella anläggningstillgångar"
#SRU 7810 7515
#KONTO 7820 "Avskrivningar på byggnader och markanläggningar"
#SRU 7820 7515
#KONTO 7830 "Avskrivningar på maskiner och inventarier"
#SRU 7830 7515
#KONTO 7960 "Valutakursförluster på fordringar och skulder av rörelsekaraktär"
#SRU 7960 7517
#KONTO 7970 "Förlust vid avyttring av immateriella och materiella anläggningstillgångar"
#SRU 7970 7517
#KONTO 7990 "övriga rörelsekostnader"
#SRU 7990 7517
#KONTO 8013 "Utdelning på andelar i andra koncernföretag"
#SRU 8013 7414
#KONTO 8014 "Koncernbidrag"
#SRU 8014 7414
#KONTO 8019 "övriga utdelningar på andelar i koncernföretag"
#SRU 8019 7414
#KONTO 8023 "Resultat vid försäljning av andelar i andra koncernföretag"
#SRU 8023 7414
#KONTO 8073 "Nedskrivningar av andelar i andra koncernföretag"
#SRU 8073 7521
#KONTO 8078 "Nedskrivningar av långfristiga fordringar hos andra koncernföretag"
#SRU 8078 7521
#KONTO 8083 "återföringar av nedskrivningar av andelar i andra koncernföretag"
#SRU 8083 7521
#KONTO 8088 "återföringar av nedskrivningar av långfristiga fordringar hos andra koncernföretag"
#SRU 8088 7521
#KONTO 8210 "Utdelningar på andelar i andra företag"
#SRU 8210 7416
#KONTO 8220 "Resultat vid försäljning av värdepapper i och långfristiga fordringar hos andra företag"
#SRU 8220 7416
#KONTO 8228 "Värdeförändring kapitalförsäkring, skattemässig justering"
#SRU 8228 7416
#KONTO 8250 "Ränteintäkter från långfristiga fordringar hos och värdepapper i andra företag"
#SRU 8250 7416
#KONTO 8270 "Nedskrivningar av innehav av andelar i och långfristiga fordringar hos andra företag"
#SRU 8270 7521
#KONTO 8310 "Ränteintäkter från omsättningstillgångar"
#SRU 8310 7417
#KONTO 8313 "Ränteintäkter från kortfristiga fordringar"
#SRU 8313 7417
#KONTO 8314 "Skattefria ränteintäkter"
#SRU 8314 7417
#KONTO 8330 "Valutakursdifferenser på kortfristiga fordringar och placeringar"
#SRU 8330 7417
#KONTO 8340 "Utdelningar på kortfristiga placeringar"
#SRU 8340 7417
#KONTO 8350 "Resultat vid försäljning av kortfristiga placeringar"
#SRU 8350 7417
#KONTO 8390 "övriga finansiella intäkter"
#SRU 8390 7417
#KONTO 8398 "Värdeförändring kortfristig placering, skattemässig justering"
#SRU 8398 7417
#KONTO 8410 "Räntekostnader för långfristiga skulder"
#SRU 8410 7522
#KONTO 8413 "Räntekostnader för checkräkningskredit"
#SRU 8413 7522
#KONTO 8414 "Räntekostnader för byggnadskreditiv"
#SRU 8414 7522
#KONTO 8420 "Räntekostnader för kortfristiga skulder"
#SRU 8420 7522
#KONTO 8422 "Dröjsmålsräntor för leverantörsskulder"
#SRU 8422 7522
#KONTO 8423 "Räntekostnader för skatter och avgifter"
#SRU 8423 7522
#KONTO 8424 "Räntekostnader byggnadskreditiv"
#SRU 8424 7522
#KONTO 8430 "Valutakursdifferenser på skulder"
#SRU 8430 7522
#KONTO 8710 "Extraordinära intäkter"
#KONTO 8750 "Extraordinära kostnader"
#KONTO 8811 "Avsättning till periodiseringsfond"
#SRU 8811 7525
#KONTO 8819 "återföring från periodiseringsfond"
#SRU 8819 7420
#KONTO 8850 "Förändring av överavskrivningar"
#SRU 8850 7526
#KONTO 8863 "Avsättning till ersättningsfond för mark"
#SRU 8863 7422
#KONTO 8880 "Förändring av obeskattade intäkter"
#SRU 8880 7422
#KONTO 8881 "Avsättning till upphovsmannakonto"
#SRU 8881 7422
#KONTO 8882 "återföring från upphovsmannakonto"
#SRU 8882 7422
#KONTO 8885 "Avsättning till skogskonto"
#SRU 8885 7422
#KONTO 8886 "återföring från skogskonto"
#SRU 8886 7422
#KONTO 8891 "Förändring av skillnad mellan bokförd och faktisk pensionsskuld"
#SRU 8891 7422
#KONTO 8910 "Skatt som belastar årets resultat"
#SRU 8910 7528
#KONTO 8940 "Uppskjuten skatt"
#SRU 8940 7528
#KONTO 8990 "Resultat"
#SRU 8990 7450
#KONTO 8999 "årets resultat"
#SRU 8999 7450

#DIM 1 "Kostnadsställe"
#DIM 6 "Projekt"

#IB 0 1310 50000 0
#UB 0 1310 0 0
#IB 0 1380 0 0
#UB 0 1380 50000 0
#IB 0 1510 0 0
#UB 0 1510 103241 0
#IB 0 1630 0 0
#UB 0 1630 3756 0
#IB 0 1680 0 0
#UB 0 1680 0 0
#IB 0 1790 14895 0
#UB 0 1790 24992 0
#IB 0 1930 8978.7 0
#UB 0 1930 167919.41 0
#IB 0 2081 -50000 0
#UB 0 2081 -50000 0
#IB 0 2091 -11493.58 0
#UB 0 2091 -11493.58 0
#IB 0 2099 0 0
#UB 0 2099 -107361.83 0
#IB 0 2122 0 0
#UB 0 2122 -45076 0
#IB 0 2124 -5851 0
#UB 0 2124 -5851 0
#IB 0 2510 -3756 0
#UB 0 2510 -31622 0
#IB 0 2611 0 0
#UB 0 2611 0 0
#IB 0 2614 0 0
#UB 0 2614 0 0
#IB 0 2640 0 0
#UB 0 2640 0 0
#IB 0 2641 0 0
#UB 0 2641 0 0
#IB 0 2645 0 0
#UB 0 2645 0 0
#IB 0 2650 -2773 0
#UB 0 2650 -71073 0
#IB 0 2710 0 0
#UB 0 2710 -12622 0
#IB 0 2730 0 0
#UB 0 2730 -14809 0
#IB 0 2890 -0.12 0
#UB 0 2890 0 0
#PSALDO 0 202108 1310 {} 0 0
#PSALDO 0 202109 1310 {} -50000 0
#PSALDO 0 202109 1380 {} 50000 0
#PSALDO 0 202112 1510 {} 8975 0
#PSALDO 0 202201 1510 {} -8975 0
#PSALDO 0 202202 1510 {} 13063 0
#PSALDO 0 202203 1510 {} -2969 0
#PSALDO 0 202204 1510 {} 48717 0
#PSALDO 0 202205 1510 {} 27665 0
#PSALDO 0 202206 1510 {} 16765 0
#PSALDO 0 202108 1630 {} 738 0
#PSALDO 0 202203 1630 {} 3018 0
#PSALDO 0 202206 1630 {} 0 0
#PSALDO 0 202108 1660 {} 2000 0
#PSALDO 0 202109 1660 {} -2000 0
#PSALDO 0 202206 1680 {} 0 0
#PSALDO 0 202107 1790 {} -14895 0
#PSALDO 0 202206 1790 {} 24992 0
#PSALDO 0 202107 1930 {} 14127 0
#PSALDO 0 202108 1930 {} -7602 0
#PSALDO 0 202109 1930 {} 607 0
#PSALDO 0 202110 1930 {} 7771 0
#PSALDO 0 202111 1930 {} -6495 0
#PSALDO 0 202112 1930 {} -268 0
#PSALDO 0 202201 1930 {} 7104.25 0
#PSALDO 0 202202 1930 {} -11311 0
#PSALDO 0 202203 1930 {} 15579.69 0
#PSALDO 0 202204 1930 {} -1503.58 0
#PSALDO 0 202205 1930 {} 131100.78 0
#PSALDO 0 202206 1930 {} 9830.57 0
#PSALDO 0 202206 2099 {} -107361.83 0
#PSALDO 0 202206 2122 {} -45076 0
#PSALDO 0 202108 2360 {} 0 0
#PSALDO 0 202203 2440 {} -818 0
#PSALDO 0 202204 2440 {} 818 0
#PSALDO 0 202205 2440 {} -32180 0
#PSALDO 0 202206 2440 {} 32180 0
#PSALDO 0 202206 2510 {} -27866 0
#PSALDO 0 202201 2610 {} 0 0
#PSALDO 0 202112 2611 {} -1795 0
#PSALDO 0 202201 2611 {} -404 0
#PSALDO 0 202202 2611 {} -2612.5 0
#PSALDO 0 202203 2611 {} -3562.5 0
#PSALDO 0 202204 2611 {} -12023.25 0
#PSALDO 0 202205 2611 {} -35684.5 0
#PSALDO 0 202206 2611 {} 56081.75 0
#PSALDO 0 202107 2614 {} -214 0
#PSALDO 0 202108 2614 {} -643.25 0
#PSALDO 0 202109 2614 {} -110.5 0
#PSALDO 0 202206 2614 {} 967.75 0
#PSALDO 0 202107 2640 {} 29.8 0
#PSALDO 0 202108 2640 {} 40 0
#PSALDO 0 202206 2640 {} -69.8 0
#PSALDO 0 202111 2641 {} 946 0
#PSALDO 0 202201 2641 {} 508 0
#PSALDO 0 202202 2641 {} 1683 0
#PSALDO 0 202203 2641 {} 163.68 0
#PSALDO 0 202204 2641 {} 269.9 0
#PSALDO 0 202205 2641 {} 4993.58 0
#PSALDO 0 202206 2641 {} -8564.16 0
#PSALDO 0 202107 2645 {} 214 0
#PSALDO 0 202108 2645 {} 643.25 0
#PSALDO 0 202109 2645 {} 110.5 0
#PSALDO 0 202206 2645 {} -967.75 0
#PSALDO 0 202108 2650 {} 2049 0
#PSALDO 0 202203 2650 {} 724 0
#PSALDO 0 202206 2650 {} -71073 0
#PSALDO 0 202205 2710 {} -3151 0
#PSALDO 0 202206 2710 {} -9471 0
#PSALDO 0 202205 2730 {} -5353.34 0
#PSALDO 0 202206 2730 {} -9455.66 0
#PSALDO 0 202107 2860 {} -79 0
#PSALDO 0 202108 2860 {} 79 0
#PSALDO 0 202107 2890 {} -158 0
#PSALDO 0 202108 2890 {} -37 0
#PSALDO 0 202109 2890 {} 195 0
#PSALDO 0 202110 2890 {} 0 0
#PSALDO 0 202112 2890 {} -120 0
#PSALDO 0 202201 2890 {} -70 0
#PSALDO 0 202202 2890 {} 190 0
#PSALDO 0 202203 2890 {} 0.12 0
#PSALDO 0 202206 3000 {} -24992 0
#PSALDO 0 202201 3001 {} -1616.25 0
#PSALDO 0 202203 3001 {} -8075 0
#PSALDO 0 202204 3001 {} -42868 0
#PSALDO 0 202205 3001 {} -142738 0
#PSALDO 0 202206 3001 {} -99323 0
#PSALDO 0 202112 3011 {} -7180 0
#PSALDO 0 202202 3011 {} -10450 0
#PSALDO 0 202203 3011 {} -6175 0
#PSALDO 0 202204 3011 {} -3918.75 0
#PSALDO 0 202110 3308 {} -8400 0
#PSALDO 0 202202 3740 {} -0.5 0
#PSALDO 0 202203 3740 {} -0.62 0
#PSALDO 0 202204 3740 {} 2.35 0
#PSALDO 0 202205 3740 {} -1.5 0
#PSALDO 0 202206 3740 {} -2.58 0
#PSALDO 0 202108 4531 {} 159 0
#PSALDO 0 202107 4535 {} 856 0
#PSALDO 0 202108 4535 {} 2414 0
#PSALDO 0 202109 4535 {} 442 0
#PSALDO 0 202111 5410 {} 3787 0
#PSALDO 0 202201 5410 {} 2031 0
#PSALDO 0 202204 5410 {} 159 0
#PSALDO 0 202205 5410 {} 2232 0
#PSALDO 0 202204 5611 {} 721 0
#PSALDO 0 202205 5611 {} 3521.93 0
#PSALDO 0 202206 5611 {} 2766.83 0
#PSALDO 0 202205 5613 {} 276 0
#PSALDO 0 202206 5613 {} 276 0
#PSALDO 0 202205 5615 {} 28962 0
#PSALDO 0 202204 5616 {} 6884 0
#PSALDO 0 202206 5831 {} 2328.75 0
#PSALDO 0 202204 6110 {} 199.6 0
#PSALDO 0 202205 6210 {} 295.27 0
#PSALDO 0 202206 6210 {} 525.61 0
#PSALDO 0 202205 6310 {} 469 0
#PSALDO 0 202206 6310 {} 370 0
#PSALDO 0 202206 6501 {} 9788.5 0
#PSALDO 0 202107 6540 {} 119.2 0
#PSALDO 0 202109 6540 {} 756 0
#PSALDO 0 202110 6540 {} 629 0
#PSALDO 0 202111 6540 {} 267 0
#PSALDO 0 202112 6540 {} 388 0
#PSALDO 0 202201 6540 {} 1422 0
#PSALDO 0 202202 6540 {} 1306 0
#PSALDO 0 202203 6540 {} 1647.32 0
#PSALDO 0 202204 6540 {} 1076.07 0
#PSALDO 0 202205 6540 {} 4006.11 0
#PSALDO 0 202206 6540 {} 11672.19 0
#PSALDO 0 202108 6550 {} 160 0
#PSALDO 0 202204 6570 {} 1466.66 0
#PSALDO 0 202205 6570 {} 233.33 0
#PSALDO 0 202202 6590 {} 6732 0
#PSALDO 0 202111 6990 {} 1495 0
#PSALDO 0 202203 6990 {} 453.31 0
#PSALDO 0 202202 6991 {} 1400 0
#PSALDO 0 202203 6992 {} 14 0
#PSALDO 0 202205 7210 {} 10000 0
#PSALDO 0 202206 7210 {} 40000 0
#PSALDO 0 202205 7390 {} 7051.4 0
#PSALDO 0 202206 7390 {} 7166.6 0
#PSALDO 0 202205 7399 {} -7051.4 0
#PSALDO 0 202206 7399 {} -7166.6 0
#PSALDO 0 202205 7510 {} 5353.34 0
#PSALDO 0 202206 7510 {} 14809 0
#PSALDO 0 202206 7699 {} 565 0
#PSALDO 0 202206 8811 {} 45076 0
#PSALDO 0 202206 8910 {} 27866 0
#PSALDO 0 202206 8999 {} 107361.83 0
#RES 0 3000 -24992 0
#RES 0 3001 -294620.25 0
#RES 0 3011 -27723.75 0
#RES 0 3308 -8400 0
#RES 0 3740 -2.85 0
#RES 0 4531 159 0
#RES 0 4535 3712 0
#RES 0 5410 8209 0
#RES 0 5611 7009.76 0
#RES 0 5613 552 0
#RES 0 5615 28962 0
#RES 0 5616 6884 0
#RES 0 5831 2328.75 0
#RES 0 6110 199.6 0
#RES 0 6210 820.88 0
#RES 0 6310 839 0
#RES 0 6501 9788.5 0
#RES 0 6540 23288.89 0
#RES 0 6550 160 0
#RES 0 6570 1699.99 0
#RES 0 6590 6732 0
#RES 0 6990 1948.31 0
#RES 0 6991 1400 0
#RES 0 6992 14 0
#RES 0 7210 50000 0
#RES 0 7390 14218 0
#RES 0 7399 -14218 0
#RES 0 7510 20162.34 0
#RES 0 7699 565 0
#RES 0 8811 45076 0
#RES 0 8910 27866 0
#RES 0 8999 107361.83 0






#VER A 1 20210702 "TRANSAKTIONSTEXT" 20220324
{
#TRANS 2640 {} 29.8 "" "" 0
#TRANS 2890 {} -149 "" "" 0
#TRANS 6540 {} 119.2 "" "" 0
}
#VER A 2 20210706 "TRANSAKTIONSTEXT" 20220324
{
#TRANS 2614 {} -28.75 "" "" 0
#TRANS 2645 {} 28.75 "" "" 0
#TRANS 2890 {} -115 "" "" 0
#TRANS 4535 {} 115 "" "" 0
}
#VER A 3 20210718 "TRANSAKTIONSTEXT" 20220324
{
#TRANS 1930 {} -264 "" "" 0
#TRANS 2890 {} 264 "" "" 0
}
#VER A 4 20210719 "TRANSAKTIONSTEXT" 20220324
{
#TRANS 1930 {} -504 "" "" 0
#TRANS 2614 {} -126 "" "" 0
#TRANS 2645 {} 126 "" "" 0
#TRANS 4535 {} 504 "" "" 0
}
#VER A 5 20210729 "TRANSAKTIONSTEXT" 20220324
{
#TRANS 2614 {} -19.75 "" "" 0
#TRANS 2645 {} 19.75 "" "" 0
#TRANS 2890 {} -79 "" "" 0
#TRANS 4535 {} 79 "" "" 0
}
#VER A 6 20210730 "TRANSAKTIONSTEXT" 20220324
{
#TRANS 2614 {} -19.75 "" "" 0
#TRANS 2645 {} 19.75 "" "" 0
#TRANS 2860 {} -79 "" "" 0
#TRANS 4535 {} 79 "" "" 0
}
#VER A 7 20210730 "TRANSAKTIONSTEXT" 20220324
{
#TRANS 2614 {} -19.75 "" "" 0
#TRANS 2645 {} 19.75 "" "" 0
#TRANS 2890 {} -79 "" "" 0
#TRANS 4535 {} 79 "" "" 0
}
#VER A 8 20210803 "TRANSAKTIONSTEXT" 20220324
{
#TRANS 1930 {} -158 "" "" 0
#TRANS 2890 {} 158 "" "" 0
}
#VER A 9 20210803 "TRANSAKTIONSTEXT" 20220324
{
#TRANS 1930 {} -79 "" "" 0
#TRANS 2860 {} 79 "" "" 0
}
#VER A 10 20210803 "TRANSAKTIONSTEXT" 20220324
{
#TRANS 1660 {} 700 "" "" 0
#TRANS 1930 {} -700 "" "" 0
}
#VER A 11 20210803 "TRANSAKTIONSTEXT" 20220324
{
#TRANS 1660 {} 1300 "" "" 0
#TRANS 1930 {} -1300 "" "" 0
}
#VER A 12 20210806 "TRANSAKTIONSTEXT" 20220324
{
#TRANS 2614 {} -29.25 "" "" 0
#TRANS 2645 {} 29.25 "" "" 0
#TRANS 2890 {} -117 "" "" 0
#TRANS 4535 {} 117 "" "" 0
}
#VER A 13 20210802 "TRANSAKTIONSTEXT" 20220324
{
#TRANS 1310 {} 84418 "" "" 0
#TRANS 2360 {} -84418 "" "" 0
}
#VER A 14 20210809 "TRANSAKTIONSTEXT" 20220324
{
#TRANS 2614 {} -178.5 "" "" 0
#TRANS 2645 {} 178.5 "" "" 0
#TRANS 2890 {} -714 "" "" 0
#TRANS 4535 {} 714 "" "" 0
}
#VER A 15 20210809 "TRANSAKTIONSTEXT" 20220324
{
#TRANS 2640 {} 40 "" "" 0
#TRANS 2890 {} -200 "" "" 0
#TRANS 6550 {} 160 "" "" 0
}
#VER A 16 20210809 "TRANSAKTIONSTEXT" 20220324
{
#TRANS 1930 {} -1031 "" "" 0
#TRANS 2890 {} 1031 "" "" 0
}
#VER A 17 20210811 "TRANSAKTIONSTEXT" 20220324
{
#TRANS 1930 {} -714 "" "" 0
#TRANS 2614 {} -178.5 "" "" 0
#TRANS 2645 {} 178.5 "" "" 0
#TRANS 4535 {} 714 "" "" 0
}
#VER A 18 20210817 "TRANSAKTIONSTEXT" 20220324
{
#TRANS 2614 {} -19.75 "" "" 0
#TRANS 2645 {} 19.75 "" "" 0
#TRANS 2890 {} -79 "" "" 0
#TRANS 4535 {} 79 "" "" 0
}
#VER A 19 20210814 "TRANSAKTIONSTEXT" 20220324
{
#TRANS 2614 {} -20.75 "" "" 0
#TRANS 2645 {} 20.75 "" "" 0
#TRANS 2890 {} -83 "" "" 0
#TRANS 4535 {} 83 "" "" 0
}
#VER A 20 20210817 "TRANSAKTIONSTEXT" 20220324
{
#TRANS 2614 {} -42.5 "" "" 0
#TRANS 2645 {} 42.5 "" "" 0
#TRANS 2890 {} -170 "" "" 0
#TRANS 4535 {} 170 "" "" 0
}
#VER A 21 20210817 "TRANSAKTIONSTEXT" 20220324
{
#TRANS 1930 {} -332 "" "" 0
#TRANS 2890 {} 332 "" "" 0
}
#VER A 22 20210708 "TRANSAKTIONSTEXT" 20220324
{
#TRANS 1790 {} -12000 "" "" 0
#TRANS 1930 {} 12000 "" "" 0
}
#VER A 23 20210701 "TRANSAKTIONSTEXT" 20220324
{
#TRANS 1790 {} -2895 "" "" 0
#TRANS 1930 {} 2895 "" "" 0
}
#VER A 24 20210818 "TRANSAKTIONSTEXT" 20220324
{
#TRANS 1930 {} -2049 "" "" 0
#TRANS 2650 {} 2049 "" "" 0
}
#VER A 25 20210818 "TRANSAKTIONSTEXT" 20220324
{
#TRANS 1630 {} 2611 "" "" 0
#TRANS 1930 {} -2611 "" "" 0
}
#VER A 26 20210824 "TRANSAKTIONSTEXT" 20220324
{
#TRANS 1630 {} 176 "" "" 0
#TRANS 1930 {} -176 "" "" 0
}
#VER A 27 20210825 "TRANSAKTIONSTEXT" 20220324
{
#TRANS 1930 {} -501 "" "" 0
#TRANS 2614 {} -125.25 "" "" 0
#TRANS 2645 {} 125.25 "" "" 0
#TRANS 4535 {} 501 "" "" 0
}
#VER A 28 20210826 "TRANSAKTIONSTEXT" 20220324
{
#TRANS 2614 {} -23.5 "" "" 0
#TRANS 2645 {} 23.5 "" "" 0
#TRANS 2890 {} -94 "" "" 0
#TRANS 4531 {} 94 "" "" 0
}
#VER A 29 20210831 "TRANSAKTIONSTEXT" 20220324
{
#TRANS 2614 {} -9 "" "" 0
#TRANS 2645 {} 9 "" "" 0
#TRANS 2890 {} -36 "" "" 0
#TRANS 4535 {} 36 "" "" 0
}
#VER A 30 20210827 "TRANSAKTIONSTEXT" 20220324
{
#TRANS 2614 {} -16.25 "" "" 0
#TRANS 2645 {} 16.25 "" "" 0
#TRANS 2890 {} -65 "" "" 0
#TRANS 4531 {} 65 "" "" 0
}
#VER A 31 20210901 "TRANSAKTIONSTEXT" 20220324
{
#TRANS 2614 {} -52.5 "" "" 0
#TRANS 2645 {} 52.5 "" "" 0
#TRANS 2890 {} -210 "" "" 0
#TRANS 4535 {} 210 "" "" 0
}
#VER A 32 20210901 "TRANSAKTIONSTEXT" 20220324
{
#TRANS 2614 {} -25.75 "" "" 0
#TRANS 2645 {} 25.75 "" "" 0
#TRANS 2890 {} -103 "" "" 0
#TRANS 4535 {} 103 "" "" 0
}
#VER A 33 20210902 "TRANSAKTIONSTEXT" 20220324
{
#TRANS 2614 {} -32.25 "" "" 0
#TRANS 2645 {} 32.25 "" "" 0
#TRANS 2890 {} -129 "" "" 0
#TRANS 4535 {} 129 "" "" 0
}
#VER A 34 20210902 "TRANSAKTIONSTEXT" 20220324
{
#TRANS 1930 {} -637 "" "" 0
#TRANS 2890 {} 637 "" "" 0
}
#VER A 35 20210802 "TRANSAKTIONSTEXT" 20220324
{
#TRANS 1310 {} -84418 "" "" 0
#TRANS 2360 {} 84418 "" "" 0
}
#VER A 36 20210802 "TRANSAKTIONSTEXT" 20220324
{
#TRANS 1310 {} 84418 "" "" 0
#TRANS 1310 {} -84418 "" "" 0
#TRANS 2360 {} 84418 "" "" 0
#TRANS 2360 {} -84418 "" "" 0
}
#VER A 37 20210909 "TRANSAKTIONSTEXT" 20220324
{
#TRANS 1310 {} -50000 "" "" 0
#TRANS 1380 {} 50000 "" "" 0
}
#VER A 38 20210921 "TRANSAKTIONSTEXT" 20220324
{
#TRANS 1930 {} -756 "" "" 0
#BTRANS 4535 {} 756 "" "" 0 "Ludwig Reis Aronsson"
#RTRANS 6540 {} 756 "" "" 0 "Ludwig Reis Aronsson"
#TRANS 6540 {} 756 "" "" 0
}
#VER A 39 20210921 "TRANSAKTIONSTEXT" 20220324
{
#TRANS 1660 {} -2000 "" "" 0
#TRANS 1930 {} 2000 "" "" 0
}
#VER A 40 20210818 "TRANSAKTIONSTEXT" 20220324
{
#TRANS 1630 {} -2611 "" "" 0
#TRANS 1930 {} 2611 "" "" 0
}
#VER A 41 20210816 "TRANSAKTIONSTEXT" 20220324
{
#TRANS 1630 {} 562 "" "" 0
#TRANS 1930 {} -562 "" "" 0
}
#VER A 42 20211004 "TRANSAKTIONSTEXT" 20220324
{
#TRANS 2890 {} -81 "" "" 0
#TRANS 6540 {} 81 "" "" 0
}
#VER A 43 20211004 "TRANSAKTIONSTEXT" 20220324
{
#TRANS 2890 {} -120 "" "" 0
#TRANS 6540 {} 120 "" "" 0
}
#VER A 44 20211004 "TRANSAKTIONSTEXT" 20220324
{
#TRANS 2890 {} -92 "" "" 0
#TRANS 6540 {} 92 "" "" 0
}
#VER A 45 20211005 "TRANSAKTIONSTEXT" 20220324
{
#TRANS 1930 {} -293 "" "" 0
#TRANS 2890 {} 293 "" "" 0
}
#VER A 46 20211009 "TRANSAKTIONSTEXT" 20220324
{
#TRANS 2890 {} -135 "" "" 0
#TRANS 6540 {} 135 "" "" 0
}
#VER A 47 20211013 "TRANSAKTIONSTEXT" 20220324
{
#TRANS 2890 {} -120 "" "" 0
#TRANS 6540 {} 120 "" "" 0
}
#VER A 48 20211013 "TRANSAKTIONSTEXT" 20220324
{
#TRANS 2890 {} -81 "" "" 0
#TRANS 6540 {} 81 "" "" 0
}
#VER A 49 20211015 "TRANSAKTIONSTEXT" 20220324
{
#TRANS 1930 {} -336 "" "" 0
#TRANS 2890 {} 336 "" "" 0
}
#VER A 50 20211118 "TRANSAKTIONSTEXT" 20220324
{
#TRANS 1930 {} -3383 "" "" 0
#TRANS 2641 {} 676 "" "" 0
#TRANS 5410 {} 2707 "" "" 0
}
#VER A 51 20211119 "TRANSAKTIONSTEXT" 20220324
{
#TRANS 1930 {} -1350 "" "" 0
#TRANS 2641 {} 270 "" "" 0
#TRANS 5410 {} 1080 "" "" 0
}
#VER A 52 20211217 "TRANSAKTIONSTEXT" 20220324
{
#TRANS 2890 {} -120 "" "" 0
#TRANS 6540 {} 120 "" "" 0
}
#VER A 53 20211227 "TRANSAKTIONSTEXT" 20220324
{
#TRANS 2890 {} -120 "" "" 0
#TRANS 6540 {} 120 "" "" 0
}
#VER A 54 20211227 "TRANSAKTIONSTEXT" 20220324
{
#TRANS 2890 {} -28 "" "" 0
#TRANS 6540 {} 28 "" "" 0
}
#VER A 55 20211227 "TRANSAKTIONSTEXT" 20220324
{
#TRANS 1930 {} -268 "" "" 0
#TRANS 2890 {} 268 "" "" 0
}
#VER A 56 20211228 "TRANSAKTIONSTEXT" 20220324
{
#TRANS 2890 {} -120 "" "" 0
#TRANS 6540 {} 120 "" "" 0
}
#VER A 57 20211228 "TRANSAKTIONSTEXT" 20220324
{
#TRANS 1510 {} 8975 "" "" 0
#TRANS 2611 {} -1795 "" "" 0
#TRANS 3011 {} -7180 "" "" 0
}
#VER A 58 20220101 "TRANSAKTIONSTEXT" 20220324
{
#TRANS 2890 {} -52 "" "" 0
#TRANS 6540 {} 52 "" "" 0
}
#VER A 59 20220103 "TRANSAKTIONSTEXT" 20220324
{
#TRANS 2890 {} -1180 "" "" 0
#TRANS 6540 {} 1180 "" "" 0
}
#VER A 60 20220103 "TRANSAKTIONSTEXT" 20220324
{
#TRANS 1510 {} -8975 "" "" 0
#TRANS 1930 {} 8975 "" "" 0
}
#VER A 61 20220103 "TRANSAKTIONSTEXT" 20220324
{
#TRANS 1930 {} -1352 "" "" 0
#TRANS 2890 {} 1352 "" "" 0
}
#VER A 62 20220105 "TRANSAKTIONSTEXT" 20220324
{
#TRANS 2890 {} -190 "" "" 0
#TRANS 6540 {} 190 "" "" 0
}
#VER A 63 20220112 "TRANSAKTIONSTEXT" 20220324
{
#TRANS 1930 {} -2539 "" "" 0
#TRANS 2641 {} 508 "" "" 0
#TRANS 5410 {} 2031 "" "" 0
}
#VER A 64 20220110 "TRANSAKTIONSTEXT" 20220324
{
#TRANS 1930 {} 2020.25 "" "" 0
#TRANS 2610 {} -404 "" "" 0
#TRANS 3001 {} -1616.25 "" "" 0
}
#VER A 65 20220110 "TRANSAKTIONSTEXT" 20220324
{
#TRANS 1930 {} -2020.25 "" "" 0
#TRANS 2610 {} 404 "" "" 0
#TRANS 3001 {} 1616.25 "" "" 0
}
#VER A 66 20220110 "TRANSAKTIONSTEXT" 20220324
{
#TRANS 1930 {} 2020.25 "" "" 0
#BTRANS 2610 {} -404 "" "" 0 "Ludwig Reis Aronsson"
#TRANS 3001 {} -1616.25 "" "" 0
#RTRANS 2611 {} -404 "" "" 0 "Ludwig Reis Aronsson"
#TRANS 2611 {} -404 "" "" 0
}
#VER A 67 20220202 "TRANSAKTIONSTEXT" 20220324
{
#TRANS 2890 {} -500 "" "" 0
#TRANS 6540 {} 500 "" "" 0
}
#VER A 68 20220201 "TRANSAKTIONSTEXT" 20220324
{
#TRANS 2890 {} -93 "" "" 0
#TRANS 6540 {} 93 "" "" 0
}
#VER A 69 20220204 "TRANSAKTIONSTEXT" 20220324
{
#TRANS 2890 {} -50 "" "" 0
#TRANS 6540 {} 50 "" "" 0
}
#VER A 70 20220204 "TRANSAKTIONSTEXT" 20220324
{
#TRANS 1930 {} -833 "" "" 0
#TRANS 2890 {} 833 "" "" 0
}
#VER A 71 20220208 "TRANSAKTIONSTEXT" 20220324
{
#TRANS 1930 {} -7220 "" "" 0
#TRANS 2641 {} 1444 "" "" 0
#TRANS 6590 {} 5776 "" "" 0
}
#VER A 72 20220209 "TRANSAKTIONSTEXT" 20220324
{
#TRANS 1930 {} -1195 "" "" 0
#TRANS 2641 {} 239 "" "" 0
#TRANS 6590 {} 956 "" "" 0
}
#VER A 73 20211008 "TRANSAKTIONSTEXT" 20220324
{
#TRANS 1930 {} 8400 "" "" 0
#TRANS 3308 {} -8400 "" "" 0
}
#VER A 74 20211114 "TRANSAKTIONSTEXT" 20220324
{
#TRANS 1930 {} -1495 "" "" 0
#TRANS 1930 {} -267 "" "" 0
#TRANS 6540 {} 267 "" "" 0
#TRANS 6990 {} 1495 "" "" 0
}
#VER A 75 20220214 "TRANSAKTIONSTEXTB" 20220324
{
#TRANS 1510 {} 13063 "" "" 0
#TRANS 2611 {} -2612.5 "" "" 0
#TRANS 3011 {} -10450 "" "" 0
#TRANS 3740 {} -0.5 "" "" 0
}
#VER A 76 20220219 "TRANSAKTIONSTEXT" 20220324
{
#TRANS 1930 {} -1400 "" "" 0
#TRANS 6991 {} 1400 "" "" 0
}
#VER A 77 20220220 "TRANSAKTIONSTEXT" 20220324
{
#TRANS 2890 {} -280 "" "" 0
#TRANS 6540 {} 280 "" "" 0
}
#VER A 78 20220220 "TRANSAKTIONSTEXT" 20220324
{
#TRANS 2890 {} -383 "" "" 0
#TRANS 6540 {} 383 "" "" 0
}
#VER A 79 20220228 "TRANSAKTIONSTEXT" 20220324
{
#TRANS 1930 {} -663 "" "" 0
#TRANS 2890 {} 663 "" "" 0
}
#VER A 80 20220301 "TRANSAKTIONSTEXT" 20220324
{
#TRANS 2890 {} -309 "" "" 0
#TRANS 6540 {} 309 "" "" 0
}
#VER A 81 20220301 "TRANSAKTIONSTEXT" 20220324
{
#TRANS 2890 {} -170 "" "" 0
#TRANS 6540 {} 170 "" "" 0
}
#VER A 82 20220302 "TRANSAKTIONSTEXT" 20220324
{
#TRANS 2890 {} -514 "" "" 0
#TRANS 6540 {} 514 "" "" 0
}
#VER A 83 20220301 "TRANSAKTIONSTEXT" 20220324
{
#TRANS 1510 {} -13063 "" "" 0
#TRANS 1930 {} 13063 "" "" 0
}
#VER A 84 20220307 "TRANSAKTIONSTEXT" 20220324
{
#TRANS 1510 {} 7719 "" "" 0
#TRANS 2611 {} -1543.75 "" "" 0
#TRANS 3011 {} -6175 "" "" 0
#TRANS 3740 {} -0.25 "" "" 0
}
#VER A 85 20220310 "TRANSAKTIONSTEXT" 20220331
{
#TRANS 1930 {} -3756 "" "" 0
#TRANS 1630 {} 3756 "" "" 0
#TRANS 1630 {} -738 "" "TRANSAKTIONSTEXT" 0
#BTRANS 6992 {} 738 "" "TRANSAKTIONSTEXT" 0 "LRA"
#RTRANS 2650 {} 724 "" "TRANSAKTIONSTEXT" 0 "LRA"
#TRANS 2650 {} 724 "" "TRANSAKTIONSTEXT" 0
#RTRANS 6992 {} 14 "" "TRANSAKTIONSTEXT" 0 "LRA"
#TRANS 6992 {} 14 "" "TRANSAKTIONSTEXT" 0
}
#VER A 86 20220324 "TRANSAKTIONSTEXT" 20220331
{
#TRANS 1930 {} -453.31 "" "" 0
#TRANS 6990 {} 453.31 "" "" 0
}
#VER A 87 20220324 "TRANSAKTIONSTEXT" 20220331
{
#TRANS 1930 {} 7719 "" "" 0
#TRANS 1510 {} -7719 "" "" 0
}
#VER A 88 20220324 "TRANSAKTIONSTEXT" 20220331
{
#TRANS 1930 {} -993 "" "" 0
#TRANS 2890 {} 993 "" "" 0
#TRANS 2890 {} 0.12 "" "" 0
#TRANS 3740 {} -0.12 "" "" 0
}
#VER A 89 20220403 "TRANSAKTIONSTEXT" 20220403
{
#TRANS 1930 {} -510 "" "" 0
#TRANS 6540 {} 510 "" "" 0
}
#VER A 90 20220401 "TRANSAKTIONSTEXT" 20220502
{
#TRANS 1930 {} -272.65 "" "" 0
#TRANS 6540 {} 272.65 "" "" 0
}
#VER A 91 20220401 "TRANSAKTIONSTEXT" 20220502
{
#BTRANS 1930 {} -254.26 "" "" 0 "LRA"
#BTRANS 6540 {} 254.26 "" "" 0 "LRA"
#RTRANS 1930 {} -149.86 "" "" 0 "LRA"
#TRANS 1930 {} -149.86 "" "" 0
#RTRANS 6540 {} 149.86 "" "" 0 "LRA"
#TRANS 6540 {} 149.86 "" "" 0
}
#VER A 92 20220403 "TRANSAKTIONSTEXT" 20220502
{
#TRANS 1930 {} -199 "" "" 0
#TRANS 5410 {} 159 "" "" 0
#TRANS 2641 {} 40 "" "" 0
}
#VER A 93 20220403 "TRANSAKTIONSTEXT" 20220502
{
#TRANS 1930 {} -84.56 "" "" 0
#TRANS 6540 {} 84.56 "" "" 0
}
#VER A 94 20220403 "TRANSAKTIONSTEXT" 20220502
{
#TRANS 1930 {} -59 "" "" 0
#TRANS 6540 {} 59 "" "" 0
}
#VER A 95 20220428 "TRANSAKTIONSTEXT" 20220502
{
#TRANS 1930 {} -249.5 "" "" 0
#TRANS 6110 {} 199.6 "" "" 0
#TRANS 2641 {} 49.9 "" "" 0
}
#VER A 96 20220430 "TRANSAKTIONSTEXT" 20220502
{
#TRANS 1930 {} -901.64 "" "" 0
#TRANS 5611 {} 721 "" "" 0
#TRANS 2641 {} 180 "" "" 0
#TRANS 3740 {} 0.64 "" "" 0
}
#VER A 97 20220430 "TRANSAKTIONSTEXT" 20220502
{
#TRANS 1930 {} -1466.66 "" "" 0
#TRANS 6570 {} 1466.66 "" "" 0
}
#VER A 98 20220430 "TRANSAKTIONSTEXT" 20220502
{
#BTRANS 1930 {} -184.69 "" "" 0 "TRANSAKTIONSTEXT"
#BTRANS 6540 {} 184.69 "" "" 0 "TRANSAKTIONSTEXT"
}
#VER A 99 20220430 "TRANSAKTIONSTEXT" 20220502
{
#TRANS 1930 {} -2.71 "" "" 0
#TRANS 3740 {} 2.71 "" "" 0
}
#VER A 100 20220502 "TRANSAKTIONSTEXT" 20220508
{
#TRANS 1930 {} -469 "" "" 0
#TRANS 6310 {} 469 "" "" 0
}
#VER A 101 20220501 "TRANSAKTIONSTEXT" 20220509
{
#TRANS 1930 {} -184.69 "" "" 0
#TRANS 6540 {} 184.69 "" "" 0
}
#VER A 102 20220502 "TRANSAKTIONSTEXT" 20220509
{
#TRANS 1930 {} -104.4 "" "" 0
#TRANS 6540 {} 104.4 "" "" 0
}
#VER A 103 20220503 "TRANSAKTIONSTEXT" 20220509
{
#TRANS 1930 {} -52.2 "" "" 0
#TRANS 6540 {} 52.2 "" "" 0
}
#VER A 104 20220504 "TRANSAKTIONSTEXT" 20220509
{
#TRANS 1930 {} -84.7 "" "" 0
#TRANS 6540 {} 84.7 "" "" 0
}
#VER A 105 20220504 "TRANSAKTIONSTEXT" 20220511
{
#TRANS 1930 {} -878.32 "" "" 0
#TRANS 5611 {} 702.66 "" "" 0
#TRANS 2641 {} 175.66 "" "" 0
}
#VER A 106 20220506 "TRANSAKTIONSTEXT" 20220511
{
#TRANS 1930 {} -569.06 "" "" 0
#TRANS 2641 {} 113.82 "" "" 0
#TRANS 5611 {} 455.24 "" "" 0
}
#VER A 107 20220515 "TRANSAKTIONSTEXT" 20220516
{
#TRANS 1930 {} -2061.03 "" "" 0
#TRANS 6540 {} 2061.03 "" "" 0
}
#VER A 108 20220514 "TRANSAKTIONSTEXT" 20220518
{
#TRANS 1930 {} -740.11 "" "" 0
#BTRANS 5611 {} 740.11 "" "" 0 "LRA"
#RTRANS 5611 {} 592 "" "" 0 "LRA"
#TRANS 5611 {} 592 "" "" 0
#BTRANS 2610 {} 148.11 "" "" 0 "LRA"
#RTRANS 2641 {} 148.11 "" "" 0 "LRA"
#TRANS 2641 {} 148.11 "" "" 0
}
#VER A 109 20220521 "TRANSAKTIONSTEXT" 20220526
{
#TRANS 1930 {} -2790 "" "" 0
#TRANS 5410 {} 2232 "" "" 0
#TRANS 2641 {} 558 "" "" 0
}
#VER A 110 20220524 "TRANSAKTIONSTEXT" 20220526
{
#TRANS 1930 {} -345 "" "TRANSAKTIONSTEXT" 0
#TRANS 5613 {} 276 "" "TRANSAKTIONSTEXT" 0
#TRANS 2641 {} 69 "" "" 0
}
#VER A 111 20220521 "TRANSAKTIONSTEXT" 20220526
{
#TRANS 1930 {} -1156.04 "" "" 0
#TRANS 2641 {} 231.21 "" "" 0
#TRANS 5611 {} 924.83 "" "" 0
}
#VER A 112 20220526 "TRANSAKTIONSTEXT" 20220526
{
#TRANS 1930 {} -1059 "" "" 0
#TRANS 2641 {} 211.8 "" "" 0
#TRANS 5611 {} 847.2 "" "" 0
}
#VER A 113 20220528 "TRANSAKTIONSTEXT" 20220530
{
#TRANS 1930 {} -742.34 "" "" 0
#TRANS 6540 {} 742.34 "" "" 0
}
#VER A 114 20220601 "TRANSAKTIONSTEXT" 20220603
{
#TRANS 1930 {} -370 "" "" 0
#TRANS 6310 {} 370 "" "" 0
}
#VER A 115 20220531 "TRANSAKTIONSTEXT" 20220603
{
#TRANS 1930 {} -233.33 "" "" 0
#TRANS 6570 {} 233.33 "" "" 0
}
#VER A 116 20220603 "TRANSAKTIONSTEXT" 20220603
{
#TRANS 1930 {} -23.58 "" "" 0
#TRANS 6540 {} 23.58 "" "" 0
}
#VER A 117 20220602 "TRANSAKTIONSTEXT" 20220603
{
#TRANS 1930 {} -57.91 "" "" 0
#TRANS 6540 {} 57.91 "" "" 0
}
#VER A 118 20220602 "TRANSAKTIONSTEXTm" 20220603
{
#TRANS 1930 {} -1198.95 "" "" 0
#TRANS 6540 {} 1198.95 "" "" 0
}
#VER A 119 20220602 "TRANSAKTIONSTEXTM" 20220603
{
#TRANS 1930 {} -249.19 "" "" 0
#TRANS 6540 {} 249.19 "" "" 0
}
#VER A 120 20220602 "TRANSAKTIONSTEXT" 20220603
{
#TRANS 1930 {} -2588 "" "" 0
#TRANS 6540 {} 2588 "" "" 0
}
#VER A 121 20220607 "TRANSAKTIONSTEXT" 20220608
{
#TRANS 1930 {} -8504 "" "" 0
#TRANS 1630 {} 8504 "" "" 0
}
#VER A 122 20220606 "TRANSAKTIONSTEXT" 20220608
{
#TRANS 1930 {} -138.27 "" "" 0
#TRANS 6540 {} 138.27 "" "" 0
}
#VER A 123 20220603 "TRANSAKTIONSTEXT" 20220608
{
#TRANS 1930 {} -43.78 "" "" 0
#TRANS 6540 {} 43.78 "" "" 0
}
#VER A 124 20220613 "TRANSAKTIONSTEXT" 20220615
{
#TRANS 1930 {} -9788.5 "" "TRANSAKTIONSTEXT" 0
#TRANS 1680 {} 9788.5 "" "TRANSAKTIONSTEXT" 0
}
#VER A 125 20220611 "TRANSAKTIONSTEXT" 20220615
{
#TRANS 1930 {} -1834.51 "" "" 0
#TRANS 6540 {} 1834.51 "" "" 0
}
#VER A 126 20220608 "TRANSAKTIONSTEXT" 20220618
{
#TRANS 1930 {} -1108.26 "" "" 0
#TRANS 2641 {} 221.65 "" "" 0
#TRANS 5611 {} 886.61 "" "" 0
}
#VER A 127 20220616 "TRANSAKTIONSTEXT" 20220618
{
#TRANS 1930 {} -1203.58 "" "" 0
#TRANS 2641 {} 240.72 "" "" 0
#TRANS 5611 {} 962.86 "" "" 0
}
#VER A 128 20220613 "TRANSAKTIONSTEXT" 20220618
{
#TRANS 1930 {} -2608.2 "" "TRANSAKTIONSTEXT" 0
#TRANS 2641 {} 279.45 "" "" 0
#TRANS 5831 {} 2328.75 "" "TRANSAKTIONSTEXT" 0
}
#VER A 129 20220618 "TRANSAKTIONSTEXT" 20220622
{
#TRANS 1930 {} -598 "" "" 0
#TRANS 2641 {} 33 "" "" 0
#TRANS 7699 {} 565 "" "" 0
}
#VER A 130 20220622 "TRANSAKTIONSTEXT" 20220623
{
#TRANS 1930 {} -1146.7 "" "" 0
#TRANS 2641 {} 229.34 "" "" 0
#TRANS 5611 {} 917.36 "" "" 0
}
#VER A 131 20220621 "TRANSAKTIONSTEXT" 20220623
{
#TRANS 1930 {} -345 "" "TRANSAKTIONSTEXT" 0
#TRANS 5613 {} 276 "" "TRANSAKTIONSTEXT" 0
#TRANS 2641 {} 69 "" "" 0
}
#VER A 132 20220621 "TRANSAKTIONSTEXT" 20220623
{
#TRANS 1680 {} -9788.5 "" "" 0
#TRANS 6501 {} 9788.5 "" "" 0
}
#VER A 133 20220624 "TRANSAKTIONSTEXT" 20220626
{
#TRANS 1930 {} -368 "" "TRANSAKTIONSTEXT" 0
#TRANS 6540 {} 368 "" "TRANSAKTIONSTEXT" 0
}
#VER A 134 20220630 "TRANSAKTIONSTEXT" 20220702
{
#TRANS 1930 {} -170 "" "" 0
#TRANS 6540 {} 170 "" "" 0
}
#VER A 135 20220630 "TRANSAKTIONSTEXTh" 20220702
{
#TRANS 1790 {} 24992 "" "TRANSAKTIONSTEXT" 0
#BTRANS 3001 {} -24992 "" "" 0 "TRANSAKTIONSTEXTn"
#RTRANS 3000 {} -24992 "" "TRANSAKTIONSTEXT" 0 "TRANSAKTIONSTEXT"
#TRANS 3000 {} -24992 "" "TRANSAKTIONSTEXT, Juni" 0
}
#VER A 136 20220630 "TRANSAKTIONSTEXT" 20220704
{
#TRANS 1630 {} -5353 "" "" 0
#TRANS 2730 {} 5353.34 "" "" 0
#TRANS 1630 {} -3151 "" "" 0
#TRANS 2710 {} 3151 "" "" 0
#TRANS 3740 {} -0.34 "" "" 0
}
#VER A 137 20220630 "TRANSAKTIONSTEXT" 20220704
{
#TRANS 2122 {} -45076 "" "" 0
#TRANS 8811 {} 45076 "" "" 0
}
#VER A 138 20220630 "TRANSAKTIONSTEXT" 20220704
{
#TRANS 8910 {} 27866 "" "" 0
#TRANS 2510 {} -27866 "" "" 0
}
#VER A 139 20220630 "TRANSAKTIONSTEXTt" 20220704
{
#TRANS 8999 {} 107361.83 "" "" 0
#TRANS 2099 {} -107361.83 "" "" 0
}
#VER B 1 20220327 "TRANSAKTIONSTEXT" 20220331
{
#TRANS 3001 {} -8075 "" "" 0
#TRANS 2611 {} -2018.75 "" "" 0
#TRANS 3740 {} -0.25 "" "" 0
#TRANS 1510 {} 10094 "" "" 0
}
#VER B 2 20220419 "TRANSAKTIONSTEXT" 20220419
{
#BTRANS 3011 {} -5225 "" "" 0 "TRANSAKTIONSTEXT"
#TRANS 1510 {} 5225 "" "" 0
#BTRANS 3011 {} 1305.25 "" "" 0 "TRANSAKTIONSTEXT"
#BTRANS 2611 {} -1305.25 "" "" 0 "TRANSAKTIONSTEXT"
#RTRANS 2611 {} -1306.25 "" "" 0 "TRANSAKTIONSTEXT"
#TRANS 2611 {} -1306.25 "" "" 0
#RTRANS 3011 {} -3918.75 "" "" 0 "TRANSAKTIONSTEXT"
#TRANS 3011 {} -3918.75 "" "" 0
}
#VER B 3 20220430 "TRANSAKTIONSTEXT" 20220502
{
#TRANS 3001 {} -33518 "" "" 0
#TRANS 2611 {} -8379.5 "" "" 0
#TRANS 3740 {} -0.5 "" "" 0
#TRANS 1510 {} 41898 "" "" 0
}
#VER B 4 20220430 "TRANSAKTIONSTEXT" 20220502
{
#TRANS 3001 {} -9350 "" "" 0
#TRANS 2611 {} -2337.5 "" "" 0
#TRANS 3740 {} -0.5 "" "" 0
#TRANS 1510 {} 11688 "" "" 0
}
#VER B 5 20220508 "TRANSAKTIONSTEXT" 20220508
{
#TRANS 3001 {} -24028 "" "" 0
#TRANS 2611 {} -6007 "" "" 0
#TRANS 1510 {} 30035 "" "" 0
}
#VER B 6 20220508 "TRANSAKTIONSTEXT" 20220508
{
#TRANS 3001 {} -15400 "" "" 0
#TRANS 2611 {} -3850 "" "" 0
#TRANS 1510 {} 19250 "" "" 0
}
#VER B 7 20220515 "TRANSAKTIONSTEXT" 20220515
{
#TRANS 3001 {} -34130 "" "" 0
#TRANS 2611 {} -8532.5 "" "" 0
#TRANS 3740 {} -0.5 "" "" 0
#TRANS 1510 {} 42663 "" "" 0
}
#VER B 8 20220515 "TRANSAKTIONSTEXT" 20220515
{
#TRANS 3001 {} -1650 "" "" 0
#TRANS 2611 {} -412.5 "" "" 0
#TRANS 3740 {} -0.5 "" "" 0
#TRANS 1510 {} 2063 "" "" 0
}
#VER B 9 20220522 "TRANSAKTIONSTEXT" 20220522
{
#TRANS 3001 {} -33410 "" "" 0
#TRANS 2611 {} -8352.5 "" "" 0
#TRANS 3740 {} -0.5 "" "" 0
#TRANS 1510 {} 41763 "" "" 0
}
#VER B 10 20220531 "TRANSAKTIONSTEXT" 20220531
{
#TRANS 3001 {} -34120 "" "" 0
#TRANS 2611 {} -8530 "" "" 0
#TRANS 1510 {} 42650 "" "" 0
}
#VER B 11 20220606 "TRANSAKTIONSTEXT" 20220606
{
#TRANS 3001 {} -16731 "" "" 0
#TRANS 2611 {} -4182.75 "" "" 0
#TRANS 3740 {} -0.25 "" "" 0
#TRANS 1510 {} 20914 "" "" 0
}
#VER B 12 20220618 "TRANSAKTIONSTEXT" 20220618
{
#TRANS 3001 {} -51754 "" "" 0
#TRANS 2611 {} -12938.5 "" "" 0
#TRANS 3740 {} -0.5 "" "" 0
#TRANS 1510 {} 64693 "" "" 0
}
#VER B 13 20220626 "TRANSAKTIONSTEXT" 20220626
{
#TRANS 3001 {} -22527 "" "" 0
#TRANS 2611 {} -5631.75 "" "" 0
#TRANS 3740 {} -0.25 "" "" 0
#TRANS 1510 {} 28159 "" "" 0
}
#VER B 14 20220630 "TRANSAKTIONSTEXT" 20220702
{
#TRANS 3001 {} -681 "" "" 0
#TRANS 2611 {} -170.25 "" "" 0
#TRANS 3740 {} 0.25 "" "" 0
#TRANS 1510 {} 851 "" "" 0
}
#VER B 15 20220630 "TRANSAKTIONSTEXT" 20220702
{
#TRANS 3001 {} -7630 "" "" 0
#TRANS 2611 {} -1907.5 "" "" 0
#TRANS 3740 {} -0.5 "" "" 0
#TRANS 1510 {} 9538 "" "" 0
}
#VER C 1 20220412 "TRANSAKTIONSTEXT" 20220412
{
#TRANS 1930 {} 10094 "" "" 0
#TRANS 1510 {} -10094 "" "" 0
}
#VER C 2 20220504 "TRANSAKTIONSTEXT" 20220504
{
#TRANS 1930 {} 5225 "" "" 0
#TRANS 1510 {} -5225 "" "" 0
}
#VER C 3 20220516 "TRANSAKTIONSTEXT" 20220516
{
#TRANS 1930 {} 41898 "" "" 0
#TRANS 1510 {} -41898 "" "" 0
}
#VER C 4 20220516 "TRANSAKTIONSTEXT" 20220516
{
#TRANS 1930 {} 11688 "" "" 0
#TRANS 1510 {} -11688 "" "" 0
}
#VER C 5 20220523 "TRANSAKTIONSTEXT" 20220523
{
#TRANS 1930 {} 30035 "" "" 0
#TRANS 1510 {} -30035 "" "" 0
}
#VER C 6 20220527 "TRANSAKTIONSTEXT" 20220527
{
#TRANS 1930 {} 19250 "" "" 0
#TRANS 1510 {} -19250 "" "" 0
}
#VER C 7 20220530 "TRANSAKTIONSTEXT" 20220530
{
#TRANS 1930 {} 42663 "" "" 0
#TRANS 1510 {} -42663 "" "" 0
}
#VER C 8 20220608 "TRANSAKTIONSTEXT" 20220608
{
#TRANS 1930 {} 41763 "" "" 0
#TRANS 1510 {} -41763 "" "" 0
}
#VER C 9 20220615 "TRANSAKTIONSTEXT" 20220615
{
#TRANS 1930 {} 42650 "" "" 0
#TRANS 1510 {} -42650 "" "" 0
}
#VER C 10 20220621 "TRANSAKTIONSTEXT" 20220622
{
#TRANS 1930 {} 2063 "" "" 0
#TRANS 1510 {} -2063 "" "" 0
}
#VER C 11 20220622 "TRANSAKTIONSTEXT" 20220622
{
#TRANS 1930 {} 20914 "" "" 0
#TRANS 1510 {} -20914 "" "" 0
}
#VER D 1 20220323 "TRANSAKTIONSTEXT" 20220324
{
#TRANS 2440 {} -818 "" "" 0
#TRANS 2641 {} 163.68 "" "" 0
#TRANS 6540 {} 654.32 "" "" 0
}
#VER D 2 20220413 "TRANSAKTIONSTEXT" 20220424
{
#TRANS 2440 {} -2936 "" "" 0
#TRANS 5616 {} 2936 "" "" 0
}
#VER D 3 20220414 "TRANSAKTIONSTEXT" 20220424
{
#TRANS 2440 {} -3948 "" "" 0
#TRANS 5616 {} 3948 "" "" 0
}
#VER D 4 20220504 "TRANSAKTIONSTEXT" 20220508
{
#TRANS 2440 {} -369 "" "" 0
#TRANS 2641 {} 73.73 "" "" 0
#TRANS 6210 {} 295.27 "" "" 0
}
#VER D 5 20220511 "TRANSAKTIONSTEXT" 20220513
{
#TRANS 2440 {} -971 "" "" 0
#TRANS 2641 {} 194.25 "" "" 0
#TRANS 6540 {} 776.75 "" "" 0
}
#VER D 6 20220531 "TRANSAKTIONSTEXT" 20220603
{
#TRANS 2440 {} -14530 "" "" 0
#TRANS 2641 {} 2906 "" "" 0
#TRANS 5615 {} 13077 "" "" 0
#TRANS 2641 {} -1453 "" "" 0
}
#VER D 7 20220531 "TRANSAKTIONSTEXT" 20220603
{
#TRANS 2440 {} -8825 "" "" 0
#TRANS 2641 {} 1765 "" "" 0
#TRANS 5615 {} 7942.5 "" "" 0
#TRANS 2641 {} -882.5 "" "" 0
}
#VER D 8 20220531 "TRANSAKTIONSTEXT" 20220603
{
#TRANS 2440 {} -8825 "" "" 0
#TRANS 2641 {} 1765 "" "" 0
#TRANS 5615 {} 7942.5 "" "" 0
#TRANS 2641 {} -882.5 "" "" 0
}
#VER D 9 20220613 "TRANSAKTIONSTEXT" 20220615
{
#TRANS 2440 {} -5000 "" "" 0
#TRANS 6540 {} 5000 "" "" 0
}
#VER D 10 20220604 "TRANSAKTIONSTEXT" 20220615
{
#TRANS 2440 {} -657 "" "" 0
#TRANS 2641 {} 131.39 "" "" 0
#TRANS 6210 {} 525.61 "" "" 0
}
#VER E 1 20220414 "TRANSAKTIONSTEXT" 20220414
{
#TRANS 1930 {} -818 "" "" 0
#TRANS 2440 {} 818 "" "" 0
}
#VER E 2 20220427 "TRANSAKTIONSTEXT" 20220427
{
#TRANS 1930 {} -2936 "" "" 0
#TRANS 2440 {} 2936 "" "" 0
}
#VER E 3 20220427 "TRANSAKTIONSTEXT" 20220427
{
#TRANS 1930 {} -3948 "" "" 0
#TRANS 2440 {} 3948 "" "" 0
}
#VER E 4 20220526 "TRANSAKTIONSTEXT" 20220527
{
#TRANS 1930 {} -971 "" "" 0
#TRANS 2440 {} 971 "" "" 0
}
#VER E 5 20220526 "TRANSAKTIONSTEXT" 20220527
{
#TRANS 1930 {} -369 "" "" 0
#TRANS 2440 {} 369 "" "" 0
}
#VER E 6 20220616 "TRANSAKTIONSTEXT" 20220616
{
#TRANS 1930 {} -8825 "" "" 0
#TRANS 2440 {} 8825 "" "" 0
}
#VER E 7 20220616 "TRANSAKTIONSTEXT" 20220616
{
#TRANS 1930 {} -14530 "" "" 0
#TRANS 2440 {} 14530 "" "" 0
}
#VER E 8 20220616 "TRANSAKTIONSTEXT" 20220616
{
#TRANS 1930 {} -5000 "" "" 0
#TRANS 2440 {} 5000 "" "" 0
}
#VER E 9 20220616 "TRANSAKTIONSTEXT" 20220616
{
#TRANS 1930 {} -8825 "" "" 0
#TRANS 2440 {} 8825 "" "" 0
}
#VER E 10 20220626 "TRANSAKTIONSTEXT" 20220626
{
#TRANS 1930 {} -657 "" "" 0
#TRANS 2440 {} 657 "" "" 0
}
#VER L 1 20220525 "TRANSAKTIONSTEXT" 20220524
{
#TRANS 7390 {} 13.4 "" "" 0
#TRANS 7390 {} 67 "" "" 0
#TRANS 7210 {} 10000 "" "" 0
#TRANS 7390 {} 6971 "" "" 0
#TRANS 7399 {} -7051.4 "" "" 0
#TRANS 2710 {} -3151 "" "" 0
#TRANS 1930 {} -6849 "" "" 0
#TRANS 2730 {} -5353.34 "" "" 0
#TRANS 7510 {} 5353.34 "" "" 0
}
#VER L 2 20220623 "TRANSAKTIONSTEXT" 20220618
{
#TRANS 7210 {} 40000 "" "" 0
#TRANS 7390 {} 6971 "" "" 0
#TRANS 7390 {} 163 "" "" 0
#TRANS 7390 {} 32.6 "" "" 0
#TRANS 7399 {} -7166.6 "" "" 0
#TRANS 2710 {} -12622 "" "" 0
#TRANS 1930 {} -27378 "" "" 0
#TRANS 2730 {} -14809.5 "" "" 0
#TRANS 7510 {} 14809.5 "" "" 0
}
#VER L 3 20220630 "TRANSAKTIONSTEXT" 20220618
{
#TRANS 2730 {} 0.5 "" "" 0
#TRANS 7510 {} -0.5 "" "" 0
}
#VER M 1 20220630 "TRANSAKTIONSTEXT" 20220704
{
#TRANS 2611 {} 80912.5 "" "" 0
#TRANS 2614 {} 967.75 "" "" 0
#TRANS 2640 {} -69.8 "" "" 0
#TRANS 2645 {} -967.75 "" "" 0
#TRANS 2641 {} -9768.71 "" "" 0
#TRANS 2650 {} -71073 "" "" 0
#TRANS 3740 {} -0.99 "" "" 0
}